2944 4936
184 367 248 432 456
463 365 580 420 Fausti
599 366 749 436 episcopi
768 366 804 420 de
822 367 950 422 ratione
968 367 1055 421 iidei.

186 545 281 604 resti
297 563 371 604 eum
387 545 617 620 paulominus
633 545 835 620 ebangeliS,
852 545 1335 620 tunecrgopetreminordicatur,

189 651 302 724 quando
313 649 390 708 serui
402 649 520 710 formam
533 650 694 725 suscepisse
704 650 901 725 perscribitur,
914 652 1026 725 quando
1038 651 1122 710 etiam
1133 654 1226 710 matre
1238 653 1338 711 iunior

187 755 349 826 inuenitur,
366 756 478 829 quando
494 756 527 814 de
539 772 569 814 se
581 755 643 831 ipso
659 755 690 814 in
702 756 836 815 uicesimo
848 755 938 830 primo
949 757 1058 831 psalmo
1070 757 1150 816 dicit:
1167 755 1339 816 foderunt

187 877 312 923 menos
327 876 418 918 meas
436 861 699 935 etpedesmeos,
716 860 1337 921 dinumeraueruntomniacssamea.

154 988 166 1026 s
193 965 267 1039 quod
283 981 349 1040 ergo
365 964 457 1023 minor
471 968 553 1040 patre
569 967 724 1024 secundum
744 983 858 1024 carnem
878 969 907 1025 et
927 967 1080 1024 secundum
1095 966 1239 1026 bominem
1255 984 1338 1026 nun·

191 1071 320 1144 cupetur,
336 1070 496 1129 innumeris
512 1069 718 1145 scripturorum
733 1071 907 1132 testimoniis
923 1072 1090 1130 declaretur.

235 1175 277 1234 De
292 1173 357 1232 eius
377 1173 528 1234 diuinitate
548 1175 589 1234 ite
608 1176 643 1234 ad
658 1175 754 1234 'litum
774 1176 919 1250 spostolus
940 1176 1021 1236 dicit:
1042 1177 1204 1250 apparuit
1219 1178 1341 1252 gratia

190 1278 244 1338 dei
265 1279 459 1338 saluatoris
476 1279 603 1350 nostri,
628 1279 787 1340 etiterum:
812 1283 1014 1354 spectantes
1035 1284 1166 1341 boetem
1187 1299 1282 1356 spem
1305 1286 1341 1342 et

191 1385 375 1442 aduentum
388 1375 1339 1460 gl'oriaemagnideietsaluatorisnostrilesucbristi.

143 1509 166 1550 ro
192 1489 321 1548 immane
336 1489 479 1564 piaculum
491 1493 545 1560 est,
562 1492 594 1547 ut
605 1507 656 1564 per·
667 1489 795 1549 infideles
807 1491 952 1550 hominum
964 1491 1154 1566 blasphemias
1166 1492 1259 1550 minor
1270 1509 1342 1550 esse

194 1594 314 1665 dicatur,
336 1613 420 1669 quern
439 1613 574 1671 magnum
595 1597 677 1654 deum
692 1596 757 1671 ipsa
777 1596 884 1655 ueritas
898 1595 1056 1671 profitetur.
1087 1613 1153 1655 nam
1169 1599 1199 1654 et
1213 1597 1341 1656 Thomas

192 1700 338 1774 apostolus
354 1699 385 1758 in
402 1695 550 1774 euangelio
567 1701 696 1772 Ioannis,
711 1701 760 1760 ubi
772 1703 837 1775 post
848 1701 1084 1760 resurrectionem
1096 1718 1199 1776 corpus
1210 1701 1342 1760 bominis

195 1805 321 1864 crucifixi
335 1822 386 1880 per
397 1805 542 1864 clauorum
554 1805 639 1880 signo
650 1805 794 1880 cognouit,
811 1807 903 1876 deum,
916 1805 965 1880 qui
976 1806 1055 1864 intre
1064 1805 1206 1864 bominem
1218 1806 1341 1876 latebat,

195 1909 351 1984 apostolica
366 1913 395 1968 et
410 1909 576 1984 euangelica
592 1911 760 1970 auctoritate
776 1910 925 1970 molossus
941 1913 987 1968 est
998 1910 1039 1968 ite
1049 1910 1160 1968 dicens:
1178 1910 1343 1969 dominus

144 2035 168 2074 re
195 2032 287 2073 meus
310 2017 343 2073 et
362 2015 444 2072 deus
465 2032 565 2073 meua.
604 2015 629 2073 si
649 2015 718 2074 fides
739 2015 823 2084 adsit,
847 2017 946 2089 aperte
965 2017 1010 2073 est
1025 2015 1108 2084 ratio,
1131 2033 1187 2089 qua
1203 2015 1342 2074 Christus

196 2137 273 2178 nuno
285 2118 381 2177 minor
392 2137 470 2178 nunc
482 2119 608 2194 aequalis
620 2120 696 2194 patri
709 2120 798 2180 sacris
810 2119 1004 2178 uoluminibus
1017 2123 1170 2190 asseratur,
1188 2119 1344 2194 sicutipse

196 2226 230 2282 de
245 2242 276 2282 se
292 2224 372 2283 dicit:
390 2241 449 2300 ego
462 2225 592 2299 primus
609 2227 642 2284 et
657 2225 879 2285 nouissimus.
907 2223 1103 2283 indubitanter
1115 2241 1248 2299 agnosce,
1263 2227 1342 2298 quod

198 2329 320 2404 priorem
337 2347 395 2388 non
411 2333 506 2405 potest
517 2331 631 2400 babere,
647 2331 696 2404 qui
712 2331 820 2404 primus
836 2333 889 2389 est.
919 2329 998 2387 tem:
1015 2345 1075 2404 ego
1090 2346 1161 2386 sum
1178 2348 1196 2386 α
1211 2331 1244 2387 et
1255 2347 1292 2396 ω,
1311 2333 1344 2388 et

198 2434 301 2492 sientc
316 2434 441 2493 litteram
453 2435 533 2493 nrrlle
544 2436 696 2510 praecedit,
713 2435 755 2493 ite
770 2438 798 2494 et
812 2435 900 2493 filium
918 2434 961 2493 dei
974 2434 1046 2492 nulli
1059 2435 1211 2493 secundum
1225 2437 1345 2493 constat

146 2557 172 2598 so
199 2556 272 2609 esee,
289 2539 356 2614 quia
371 2541 440 2598 deus
456 2543 509 2599 est.

747 2697 784 2757 11.

130 2869 134 2878 ·
244 2855 316 2926 Quid
332 2853 565 2929 respondebimus
579 2853 631 2924 eis,
648 2855 697 2928 qui
710 2853 842 2928 spiritum
855 2855 986 2911 sanctum
999 2852 1098 2910 dicunt
1109 2851 1245 2910 minorem
1259 2853 1346 2910 deum

202 2963 262 3028 aut,
279 2961 352 3034 quod
368 2959 535 3018 sceleratius
550 2961 604 3028 est,
620 2958 836 3018 ministerialem
853 2958 944 3032 magis
959 2975 1044 3032 quam
1059 2958 1141 3015 deum
1153 2959 1276 3031 abrupta
1287 2957 1346 3014 im-

201 3065 307 3139 pietate
321 3063 532 3138 pronuntiant?

149 3187 174 3226 25
246 3173 404 3243 Responsio.

222 3327 224 3332 ,
245 3273 386 3343 Quomodo
402 3277 532 3332 creature
547 3273 665 3344 dicetur,
682 3273 730 3347 qui
744 3273 850 3332 domini
865 3274 974 3332 creator
989 3289 1022 3330 ex
1034 3272 1126 3330 Mario
1140 3274 1346 3346 conprobetur,
1462 3331 1463 3336 ,

203 3378 278 3436 siout
301 3377 435 3452 legimus:
460 3380 648 3452 conceptus
672 3379 709 3436 de
732 3377 862 3451 spiritu
886 3379 1021 3447 sancto,
1045 3378 1148 3434 uetus
1171 3393 1209 3434 ex
1231 3376 1348 3434 bieria

203 3482 352 3556 uirgine.
381 3482 511 3541 Christus
528 3482 603 3540 enim
620 3499 677 3540 nun
694 3483 726 3540 de
742 3480 906 3539 substantia
922 3480 1041 3556 spiritus
1057 3479 1161 3552 saneti,
1178 3482 1227 3538 sed
1242 3481 1277 3538 de
1292 3499 1347 3555 po-

203 3586 305 3655 tentia,
322 3603 375 3646 nec
390 3589 423 3644 de
439 3586 633 3661 generatione,
657 3587 705 3644 scd
722 3585 849 3644 iussione
865 3588 893 3643 et
908 3584 1103 3644 benedictione
1119 3587 1273 3659 conceptus
1289 3592 1347 3644 est.

307 3747 335 3816 2]
354 3745 387 3800 cl.
401 3745 471 3800 Phil.
484 3749 508 3810 2,
522 3749 545 3801 7.
600 3745 627 3814 3]
647 3745 800 3809 Psallam,
815 3748 854 3800 18.
910 3745 937 3814 7]
957 3743 1008 3798 Tit.
1022 3747 1046 3808 2,
1061 3747 1100 3800 11.
1155 3744 1183 3813 8]
1197 3745 1249 3798 Tit.
1263 3749 1288 3808 2,
1305 3747 1347 3800 13.

206 3833 471 3902 14]10enn.20,28.
528 3833 571 3901 17]
591 3833 725 3897 uerte
799 3832 841 3900 18]
862 3831 942 3900 Apoe.
958 3834 980 3896 1,
994 3833 1017 3888 8.
1088 3831 1348 3900 27185mb.apcsr.

248 3983 338 4051 3ipse
357 3981 389 4034 de
408 3998 435 4035 sc
453 3983 523 4049 Aac.
597 3979 766 4049 iupostclus
785 3980 818 4033 ad
838 3979 928 4033 Titum
948 3981 975 4034 P
1043 3981 1105 4033 eet
1122 3985 1185 4033 aute
1202 3977 1349 4033 saluatoris

205 4070 297 4126 cm.P
362 4067 753 4138 1uinfide1ishominisnu9.
828 4071 859 4122 19
877 4067 969 4120 littera
986 4067 1056 4136 dep.
1129 4067 1163 4120 22
1182 4066 1279 4121 dicunt
1297 4067 1349 4120 mi·

207 4173 297 4210 norem
317 4155 407 4224 deum]
427 4159 474 4208 aut
492 4155 623 4208 minorem
642 4155 735 4208 dieunt
755 4157 825 4223 Aup.
878 4155 912 4208 26
931 4153 1028 4206 dicitur
1047 4155 1116 4222 Aac.
1176 4155 1211 4208 28
1229 4156 1264 4221 cf.
1279 4155 1349 4208 Bre-
1462 4213 1463 4230 2

206 4245 276 4298 utar.
291 4261 320 4312 p.
336 4249 403 4298 231:
425 4259 477 4296 non
500 4242 571 4295 enim
594 4242 771 4309 generatione,
795 4240 841 4295 scd
865 4241 979 4294 iussione
1002 4243 1028 4293 et
1051 4239 1236 4293 benedictione
1259 4241 1347 4294 saneti

206 4329 314 4403 spiritus
333 4331 474 4400 conceptus
492 4331 533 4383 est
551 4327 674 4386 Christus
727 4331 762 4384 29
781 4327 813 4382 de
832 4345 882 4384 oue.
897 4330 968 4399 nep.
