2886 4928
523 442 619 498 Liber
637 443 651 497 1
669 445 746 502 8-9.
1144 442 1205 508 115

76 619 167 682 caelu
189 620 291 683 iacta
314 623 385 683 est:
417 623 455 682 tu
479 639 516 682 es
541 620 645 683 filius
673 639 775 684 meus
799 619 976 698 dilectur,
1006 619 1042 682 in
1066 623 1100 684 te
1124 637 1206 683 con·

77 723 196 804 placui.
236 723 319 788 filins
342 741 416 808 erge
439 725 471 788 in
495 741 630 807 corpore,
662 724 789 806 spiritus
820 727 946 788 sanetus
974 723 1005 786 in
1029 723 1131 806 speeie
1155 741 1205 788 eu-

77 827 198 910 inmbae,
229 832 319 912 pater
350 825 524 892 declaratur
559 830 591 892 in
615 845 699 892 unce.
747 826 803 891 sed
824 827 884 890 hcc
906 827 973 891 locu
996 825 1206 911 intellegenda

77 933 161 996 estin
176 933 323 996 columbe
338 933 459 1016 speeies
474 933 698 1016 pertransiens
719 949 780 996 nen
797 931 976 996 substantie
990 949 1203 1014 perseuerans.

581 1175 685 1240 VIIII.
1242 1201 1255 1240 a

79 1335 132 1377 11011
160 1335 276 1378 OBBSSB'
306 1335 416 1378 SANO'H
444 1337 584 1394 SPIRITUS
606 1337 748 1396 nulnum,
779 1335 865 1386 QUOD
888 1335 948 1378 11110
971 1335 1136 1378 [uenturus
1159 1335 1206 1378 Ui·

397 1425 525 1467 DEA'I'UR
547 1423 624 1466 ESSE
646 1424 706 1466 NEC
730 1423 873 1466 GENH'US.

113 1557 169 1624 Sed
197 1559 279 1624 inter
309 1558 386 1622 haec
415 1577 487 1622 cum
512 1559 639 1640 spiritus
663 1557 762 1622 saneti
784 1575 950 1641 personam
973 1559 1129 1641 propriam
1154 1558 1207 1622 da-

77 1666 276 1728 munstremus
298 1667 330 1726 et
351 1667 474 1745 patrem
498 1663 702 1728 confiteamur
724 1663 911 1746 ingenitum,
935 1661 1035 1725 tilium
1058 1679 1132 1726 uero
1155 1679 1206 1725 cc-

76 1785 252 1848 gncseamus
280 1767 486 1851 unigenitum,
517 1769 640 1849 quaeris
664 1785 683 1830 a
705 1785 766 1847 me,
798 1770 904 1830 utrum
927 1766 1056 1848 spiritus
1080 1770 1207 1830 sanctus
1235 1791 1260 1829 ιο

79 1869 224 1955 ingenitus
248 1889 288 1936 an
312 1873 438 1956 genitus
461 1889 501 1935 an
525 1872 599 1954 quid
623 1871 707 1936 aliud
729 1871 922 1936 confitendus
946 1871 997 1934 sit.
1036 1871 1208 1954 scripturae

77 1981 193 2041 sunctae
217 1977 255 2040 de
278 1976 416 2059 petentia
439 1981 471 2040 et
494 1976 608 2040 deitate
631 1976 761 2059 spiritus
785 1975 885 2039 sancti
900 1976 1078 2057 lequuntur,
1102 1979 1206 2038 utrum

77 2095 142 2143 uero
164 2081 289 2165 genitus
317 2080 377 2145 diei
408 2079 522 2144 debeat
552 2099 592 2144 an
616 2079 784 2164 ingenitus,
815 2097 877 2144 nen
901 2080 1080 2160 lequuntur.
1114 2078 1207 2166 uide,

77 2199 145 2264 quas
174 2185 234 2249 sibi
258 2185 404 2250 tenebras
427 2184 594 2249 infidelitas
617 2184 701 2249 facit.
748 2202 809 2248 nun
832 2185 880 2248 uis
905 2184 994 2264 scire,
1026 2183 1107 2265 quod
1130 2182 1207 2245 deus

78 2289 166 2353 nciuit
187 2289 333 2374 ignorari,
357 2293 388 2354 et
402 2290 451 2354 uis
472 2291 562 2369 scire,
586 2290 667 2371 quod
691 2307 753 2354 nen
776 2289 867 2352 iussit
888 2288 1010 2370 inquiri.
1046 2305 1108 2351 nun
1131 2287 1208 2350 dixit
1236 2311 1259 2350 ιε

77 2395 218 2476 genitum,
251 2415 289 2460 ne
319 2395 417 2458 filium
441 2396 592 2476 crederes,
624 2412 686 2458 nun
710 2395 784 2458 dixit
807 2393 993 2477 ingenitum,
1025 2410 1063 2456 na
1086 2395 1206 2475 patrem

77 2501 202 2580 putares,
228 2499 281 2562 sed
306 2499 343 2562 ad
368 2500 522 2564 essentiae
546 2498 963 2592 distinctionemkprecedere
980 2517 1052 2561 eum
1069 2517 1104 2560 ex
1120 2501 1207 2580 patre

78 2605 198 2668 testatus
222 2607 280 2683 est,
304 2604 384 2667 sicut
406 2603 555 2687 legimus:
587 2605 816 2686 paracletus,
848 2603 908 2685 qui
937 2621 977 2666 ex
1000 2605 1106 2684 petre
1128 2619 1208 2683 pru·

77 2705 173 2772 cedit.
211 2725 385 2790 quaecum
409 2709 481 2789 sint,
505 2709 555 2772 uel
579 2710 624 2772 sic
647 2727 780 2793 agnosce
804 2708 948 2791 spiritum
973 2710 1116 2771 sanctum
1137 2724 1208 2788 pre·

76 2811 167 2890 priam
195 2813 311 2876 habere
341 2831 517 2895 persenam.
570 2817 694 2897 praeter
723 2813 799 2877 dues
830 2831 899 2876 esse
934 2812 1062 2876 tertium
1095 2810 1208 2893 prebat
1234 2833 1260 2870 ro

77 2913 233 2982 diuersitas
266 2917 414 2998 neminie,
444 2917 664 3000 procedentem
695 2937 732 2981 er
761 2918 817 2981 dee
846 2935 906 2981 non
936 2935 1004 2980 esse
1027 2915 1134 2978 ordine
1157 2913 1207 2977 uel

77 3021 166 3100 gradu
195 3022 324 3086 tertium
354 3025 509 3086 monstrat
539 3022 643 3086 unitas
675 3021 855 3085 maiestatis.
903 3021 955 3102 qui
987 3019 1070 3083 enim
1101 3019 1139 3082 de
1161 3019 1208 3081 in-

78 3123 232 3190 terioribus
261 3125 310 3190 dei
332 3127 538 3211 pregreditur,
570 3145 631 3191 neu
655 3127 704 3190 dei
726 3129 878 3206 creatura,
910 3125 964 3188 sed
988 3124 1037 3187 dei
1059 3123 1209 3208 probatur

78 3243 139 3292 esse
161 3229 347 3295 substantia.
394 3249 456 3296 non
480 3231 638 3312 scruteris,
666 3231 800 3313 qualiter
823 3229 899 3293 deus
924 3229 975 3308 sit,
999 3246 1092 3309 quem
1115 3227 1207 3291 deum

78 3347 138 3396 esse
167 3335 369 3400 manifestum
400 3339 457 3400 est.
503 3335 655 3400 hieratio
679 3335 767 3416 latet,
797 3335 913 3399 ueritas
937 3350 999 3396 nun
1022 3333 1108 3396 latet.
1155 3349 1209 3394 cnr
1235 3355 1261 3394 rs

78 3433 251 3524 interreges,
282 3439 437 3522 quomedo
468 3439 511 3504 sit
542 3439 645 3504 secius
675 3443 707 3502 et
730 3438 869 3520 aequalis
892 3437 984 3521 regis
1016 3454 1108 3518 quem
1131 3435 1209 3518 regii

78 3557 139 3606 esse
168 3547 291 3608 cunstat
321 3547 352 3608 et
383 3543 510 3608 honeris
541 3547 573 3607 et
602 3543 735 3627 generis
782 3561 818 3606 ex
844 3540 1000 3624 superflue
1023 3540 1060 3604 de
1084 3540 1208 3604 nomine

78 3645 171 3726 agutur
202 3648 373 3730 inquisitio,
404 3647 459 3713 ubi
490 3665 551 3712 non
580 3651 628 3712 est
651 3648 688 3710 de
712 3645 904 3711 sublimitate
928 3644 1091 3709 dubitatio.
1136 3661 1208 3726 ergo

175 3785 219 3856 18]
238 3786 330 3841 Ioanu.
346 3790 386 3850 15,
399 3789 440 3841 26.

118 3907 336 3978 leemplacuiP
387 3907 521 3962 trisitate
537 3909 563 3962 V
613 3908 709 3976 quiec
761 3906 897 3974 genitusu
949 3903 1211 3960 iesseuideuturP

79 3993 236 4060 ingenitusu
297 3995 407 4064 auree]
427 3999 468 4048 est
490 3995 516 4049 V
577 3997 609 4050 12
626 3993 750 4048 locuntur
773 3995 925 4062 Vutrcquc
944 3993 1001 4047 loco
1065 3993 1096 4045 14
1115 3989 1208 4042 infide-

78 4077 133 4134 iiras
157 4083 262 4152 scripsi,
290 4082 457 4136 infidelitatis
486 4083 550 4136 litari
620 4081 682 4150 quia
709 4082 736 4135 P
761 4087 873 4150 utroque
896 4081 954 4135 laco
1024 4077 1089 4130 deus
1114 4095 1163 4131 om⁴
1184 4077 1210 4130 P

81 4169 107 4220 15
124 4167 187 4223 dicit
205 4170 231 4224 P
293 4171 326 4225 18
344 4169 481 4238 paruditus
501 4171 528 4223 P
589 4171 621 4224 19
640 4169 712 4236 eum]
733 4167 771 4220 ita
789 4167 895 4221 udd.P
957 4163 1164 4268 22umagestatis
1184 4165 1211 4217 P

79 4281 108 4334 21
128 4283 208 4336 sotius
231 4283 258 4338 P
318 4285 351 4337 27
376 4285 481 4336 constat
499 4297 555 4334 esse
574 4283 601 4335 P
663 4285 691 4334 et
708 4299 788 4338 urna
852 4283 886 4334 28
903 4279 1018 4346 inquisiu
1036 4279 1063 4332 P
1079 4276 1116 4342 (ti
1135 4295 1206 4330 utcu.

79 4393 132 4460 uir.)
184 4363 311 4450 dictitatio
335 4395 359 4450 V
375 4396 404 4462 (u
423 4413 494 4450 muu.
508 4397 576 4462 ult),
595 4393 716 4448 dubitare
735 4413 750 4448 v
1039 4477 1052 4505 ῃ

1021 4481 1037 4528 8
