2920 4928
275 413 323 467 Lx
724 415 964 485 Prolegomena.
1072 485 1076 496 ι

276 609 306 672 p.
319 587 391 653 721.
423 589 532 654 Fausti
549 591 674 655 nomine
690 591 872 674 inscriptam
888 592 1049 656 homiliam
1064 593 1178 676 legisse
1194 613 1227 657 sc
1243 595 1275 657 in
1291 594 1410 658 codice

276 693 459 758 Uaticano
490 693 612 778 Angelo
635 695 700 759 Mai
731 695 763 758 in
791 694 955 780 Spicilegio
986 697 1138 778 Romano,
1168 697 1286 762 Romae
1323 696 1410 776 1841,

141 817 142 822 ’
277 798 304 861 V
327 796 369 860 85
391 801 525 862 testatur
554 799 666 882 stipsi
688 803 793 883 patres
816 800 952 865 Meurini
980 802 1019 865 ad
1041 801 1210 884 Augustini
1237 821 1411 866 sermonem

277 901 405 965 dubium
436 901 497 964 142
524 903 711 968 recentiores
738 905 856 986 aliquot
882 904 978 969 libros
1008 906 1236 990 manuscriptos
1264 906 1410 970 Faustino

277 1025 346 1070 eam
370 1006 525 1070 ascribere
549 1007 665 1072 (110111,

319 1108 427 1175 Sermo
449 1111 554 1174 XXVI
578 1111 616 1175 ab
640 1111 749 1176 Aenea
771 1113 940 1177 Parisiensi
963 1111 998 1196 (†
1014 1111 1091 1196 870)
1115 1113 1146 1177 11
1166 1113 1244 1178 libro
1264 1113 1410 1178 aduersus

277 1214 411 1279 Graecos
429 1233 454 1278 c.
473 1214 534 1277 176
550 1215 682 1300 (Migne,
698 1217 812 1281 Patrol.
830 1217 884 1281 lat.
903 1217 1002 1282 CXXI
1020 1215 1097 1302 742)
1120 1217 1264 1282 laudatur
1288 1219 1410 1301 eiusque

276 1320 402 1383 initium
425 1339 523 1401 usque
546 1321 584 1384 ad
606 1340 637 1404 p.
654 1319 728 1402 329,
748 1321 786 1384 13
810 1321 953 1386 affertur:
984 1330 1114 1384 sanctus
1138 1319 1321 1386 Faustinus
1352 1321 1410 1407 epi-

277 1444 391 1507 scopus
408 1469 415 1486 .
434 1474 440 1486 .
457 1472 465 1486 .
482 1424 669 1508 assequitur
685 1424 792 1488 dicem
809 1431 866 1490 etc.
899 1446 934 1490 01
955 1426 1058 1490 codice
1082 1430 1188 1491 nostro
1210 1429 1410 1508 posteriorem

276 1531 398 1610 partem
421 1527 460 1592 ab
483 1528 593 1593 Aenea
615 1531 763 1594 omissam
786 1530 884 1594 edidit
903 1531 1004 1594 Lucas
1025 1530 1190 1614 d’dohery,
1213 1529 1410 1614 Spicilegium

277 1633 343 1696 siue
367 1633 508 1697 collectio
530 1636 674 1698 ueterum
697 1635 815 1716 aliquot
831 1635 1027 1718 scriptorum,
1050 1635 1102 1716 qui
1119 1634 1151 1698 in
1168 1633 1290 1700 Gallias
1304 1635 1411 1699 biblio-

150 1765 154 1772 ·
277 1736 376 1800 thecis
400 1737 598 1818 delituerant,
621 1739 749 1802 Parisiis
775 1737 868 1819 1723,
892 1739 907 1803 I
930 1736 994 1801 215
1017 1739 1092 1823 (VII
1119 1737 1178 1801 118
1207 1739 1352 1804 editionis
1376 1739 1411 1822 Ι.)

270 1839 495 1926 sraqmentuns
510 1841 665 1904 sermonis
688 1864 711 1905 s.
731 1841 888 1906 Faustini
903 1843 1048 1928 episcopi
1064 1863 1099 1908 ex
1115 1845 1219 1908 oodioe
1235 1843 1411 1908 (lorbeicnsi

277 1945 322 2028 (S.
347 1945 495 2011 Germani
526 1964 545 2010 a
573 1947 691 2028 Pratis,
722 1948 787 2011 cod.
813 1948 887 2012 bibl.
913 1947 1060 2031 Tinea),
1095 1965 1154 2030 quo
1185 1949 1280 2012 codex
1310 1952 1411 2012 noster

276 2050 505 2134 intellegendus
529 2055 586 2132 est,
609 2052 732 2116 etiamsi
747 2053 919 2117 Dacherius
936 2053 1042 2116 Fausti
1062 2053 1128 2118 loco
1144 2052 1286 2117 Faustini
1301 2070 1410 2117 nomen

276 2155 383 2236 edidit,
407 2156 473 2220 sine
497 2155 591 2220 dubio
607 2155 715 2221 Aenae
736 2157 840 2221 uerbis
857 2161 1043 2222 commotus.
1082 2158 1239 2242 integram
1253 2157 1411 2222 homiliam

276 2259 376 2341 quoad
400 2259 497 2323 sciam
520 2278 612 2324 nemo
636 2260 741 2325 edidit.

319 2362 533 2428 Sermonem
554 2365 677 2428 XXVII
699 2366 839 2428 seruauit
862 2365 1003 2429 collectio
1025 2365 1081 2429 illa
1100 2365 1297 2448 amplissima
1316 2365 1412 2429 homi·

275 2468 389 2532 liarum
413 2485 432 2531 a
453 2468 592 2533 Iosiredo
619 2469 772 2533 monacho
800 2469 911 2532 iuuene
939 2470 1027 2533 iussu
1049 2469 1170 2533 Airaldi
1193 2505 1234 2516 -
1259 2469 1303 2533 sio
1332 2470 1410 2532 enim

276 2571 441 2657 legebatur
463 2572 536 2638 olim
560 2574 593 2637 in
616 2572 677 2636 fine
693 2560 806 2639 codicis
830 2609 873 2620 —
895 2573 1020 2656 scripta,
1044 2591 1140 2655 quam
1156 2573 1281 2637 exhibet
1302 2573 1411 2637 codex

277 2677 470 2741 Parisinus
493 2676 750 2742 bibliothecae
774 2679 976 2742 rationalis
999 2675 1411 2742 10111101378511011-

277 2781 448 2846 branaceus
472 2781 615 2846 0000111
641 2783 777 2846 ineuntis
805 2783 950 2846 foliorum
974 2779 1036 2844 363
1064 2782 1165 2845 forma
1186 2782 1333 2862 maxima,
1361 2781 1409 2845 iol.

277 2884 488 2966 236“-237“,
510 2889 596 2951 textu
613 2887 696 2950 haud
712 2905 781 2950 raro
798 2887 975 2968 deprauata.
1001 2903 1057 2949 100
1073 2889 1190 2966 tamen,
1214 2886 1289 2968 quin
1306 2885 1410 2950 Fausti

278 3009 379 3055 sermo
403 2992 454 3072 sit,
478 2991 542 3055 ullo
562 2991 653 3055 modo
670 2990 806 3054 dubitari
822 2995 935 3073 potest,
958 2991 996 3054 ct'.
1015 2991 1118 3055 studia
1133 2993 1241 3055 nostra
1262 3011 1292 3073 p.
1309 2989 1410 3071 susq.

278 3095 422 3176 equidem
451 3113 627 3159 sermonem
655 3095 773 3158 editum
796 3113 951 3176 nusquam
976 3094 1050 3174 uidi,
1078 3113 1269 3176 quamquam
1291 3093 1410 3177 Angeia

277 3199 342 3262 Mai
366 3199 397 3262 in
420 3198 583 3282 Spicilsgio
607 3199 747 3263 17011010
771 3196 854 3262 Vos
879 3198 957 3262 haec
980 3199 1122 3262 adnotat:
1145 3195 1271 3260 uidesis
1293 3217 1411 3260 imaum

277 3301 419 3366 eisudens
440 3301 597 3365 Faustini
620 3300 658 3365 de
681 3301 879 3387 depositione
906 3299 1090 3386 (mentuali)
1115 3301 1221 3364 sancti
1236 3299 1411 3387 Anqustini

276 3429 450 3470 serueoncm
488 3405 643 3492 uulpauit
681 3405 930 3470 illustrissimus
969 3415 999 3468 et
1037 3405 1240 3468 doctissimus
1274 3403 1412 3490 cataiopi

277 3511 422 3574 codicum
443 3509 709 3574 Aicobacensium
734 3511 771 3573 ia
793 3509 972 3574 Lusitania
999 3509 1105 3574 editor
1127 3508 1287 3573 eborensis
1311 3507 1411 3571 archi-

278 3617 463 3702 episcopum
492 3613 548 3678 sed
570 3637 608 3679 ne
631 3636 670 3678 eu
693 3616 750 3678 500
772 3614 902 3700 quidem
920 3607 1065 3677 'sermone
1087 3613 1207 3677 notitia
1229 3612 1304 3676 ulla
1330 3611 1411 3674 Fau·

277 3723 357 3785 stiria·
388 3720 601 3808 dipnoscitus.
647 3739 741 3803 quem
772 3721 950 3803 catalogum
981 3719 1123 3782 codicum
1154 3717 1411 3783 Aloohaoensium

278 3825 433 3910 significet
457 3827 531 3906 Mai,
563 3843 624 3890 non
652 3843 811 3906 assequor,
842 3842 913 3888 cum
942 3841 1042 3905 neque
1070 3823 1230 3906 catalogus
1258 3821 1411 3904 Olisipons

278 3949 305 3994 a.
326 3928 408 3992 1575
424 3930 525 3993 editus
541 3947 642 4010 neque
657 3929 827 3994 Memorias
844 3929 881 3992 de
897 3927 1087 3992 litteratura
1101 3927 1295 4010 Portogusaa
1309 3926 1335 3988 V
1352 3923 1412 3987 295

277 4036 369 4100 huius
384 4033 456 4098 libri
472 4033 606 4116 uestigia
622 4031 830 4115 suppeditent.
865 4031 947 4114 quod
963 4050 1036 4096 uero
1052 4032 1180 4114 negauit
1195 4029 1261 4094 Mei
1276 4028 1411 4113 dignosci

278 4159 314 4204 ex
337 4139 395 4203 hoo
422 4155 566 4202 sermone
595 4135 740 4201 notitiam
768 4136 865 4200 ullam
888 4136 998 4200 Fausti
1023 4135 1203 4220 (Faustini),
1231 4135 1328 4199 salsus
1355 4137 1410 4210 est,

278 4263 353 4308 narn
376 4241 588 4324 compluribus
612 4241 765 4305 sermonis
788 4241 863 4304 locis
880 4260 913 4304 se
928 4242 1032 4325 ipsum
1049 4240 1249 4323 exscripsisse
1265 4240 1410 4303 Faustum

177 4430 183 4441 Ι
279 4351 311 4412 et
332 4347 391 4411 hos
414 4345 505 4411 modo
529 4363 562 4409 se
584 4345 688 4429 ipsum
711 4345 841 4429 prodere
865 4345 885 4408 l.
903 4345 922 4408 l.
941 4345 1151 4428 exposuimus.
