2920 4930
25 4193 28 4228 Ι

508 457 605 514 Liber
623 457 635 514 I
654 459 731 516 3-4.
1150 457 1186 524 17

67 651 199 716 eaquae
220 635 396 716 imminent,
417 655 507 719 posse
530 637 644 700 mutari
665 636 835 701 secundnm
858 637 935 700 illud
958 637 1188 718 euangelicum:

68 737 211 820 uigilata
228 743 265 804 et
279 743 392 821 orate,
406 760 449 804 ne
466 741 617 804 intretis
634 741 669 804 in
685 741 978 822 temptationem,
991 740 1081 804 item:
1099 741 1190 824 uigi-

67 839 129 904 late
150 844 277 926 itaque
300 845 397 908 omni
420 847 585 928 tempore
606 848 771 924 orantes,
794 851 835 909 ut
855 845 956 928 digni
976 844 1190 908 habeamini

67 943 181 1028 lugere
212 947 287 1011 ista
317 949 449 1027 omnia,
484 967 574 1030 quae
605 949 731 1012 lutura
766 953 865 1028 sunt,
901 953 936 1012 et
970 957 1070 1012 stare
1104 952 1189 1012 ante

67 1048 174 1115 lilium
209 1051 386 1132 hominis,
421 1055 453 1116 et
482 1053 613 1116 iterum:
649 1051 716 1117 hoc
746 1071 862 1136 genus
898 1053 1083 1116 daemonii
1118 1069 1189 1116 non
1229 1071 1241 1111 a

68 1153 187 1218 cicitur
222 1156 296 1220 nisi
331 1175 394 1239 per
425 1157 631 1220 orationem
664 1161 699 1221 et
731 1157 921 1220 ieiunium.
957 1157 1066 1238 quodsi
1094 1157 1190 1220 oratio

68 1261 229 1324 necessaria
251 1277 314 1324 non
337 1263 396 1338 est,
420 1278 475 1324 cur
497 1261 573 1343 ipse,
597 1259 649 1342 qui
665 1261 838 1324 exorandus
855 1263 912 1340 est,
928 1260 1061 1324 formam
1077 1260 1191 1324 oratio-

68 1361 107 1423 nis
127 1363 263 1428 instituit
287 1367 317 1428 ct
340 1366 461 1428 orauit?
496 1365 528 1428 in
553 1381 588 1428 eo
609 1381 691 1446 crgo,
714 1364 767 1444 qui
791 1364 924 1427 indoctis
947 1362 1073 1427 auribus
1094 1363 1190 1426 solius

68 1467 171 1544 gratiae
188 1468 358 1532 assertione
379 1466 549 1548 blanditur,
572 1467 788 1550 propheticum
812 1467 889 1530 illurl
911 1466 1092 1550 inplebitur:
1120 1485 1191 1530 ma·

67 1567 192 1651 lignus,
220 1572 332 1653 inquit,
363 1575 486 1651 nocet,
516 1589 595 1634 cum
620 1589 657 1634 se
681 1571 961 1635 commiscuerit
983 1572 1091 1635 iusto.
1123 1571 1190 1634 auri
1217 1591 1242 1630 ro

68 1675 172 1752 species
195 1677 295 1758 primo
320 1675 421 1739 colore
443 1676 628 1758 praefertur,
652 1676 705 1738 sed
728 1675 849 1757 plumbi
877 1675 981 1738 uilitas
1004 1675 1190 1739 intrinsecus

67 1775 150 1842 latere
162 1779 411 1862 deprehenditur.
434 1779 587 1861 quomodo
600 1780 626 1843 si
639 1778 696 1842 sub
709 1779 846 1860 praelato
860 1779 982 1843 mentiti
995 1780 1071 1843 ciuis
1084 1779 1191 1843 habitu

69 1881 157 1946 subito
178 1882 278 1948 hostis
303 1887 450 1966 appareat
473 1887 528 1946 aut
550 1885 576 1946 si
598 1902 630 1946 se
654 1883 772 1946 inimici
788 1883 894 1946 dolosa
909 1883 1067 1947 subtilitas
1089 1887 1191 1946 trans-

68 1983 166 2066 figuret
181 1989 213 2050 in
229 1987 377 2070 angelum
392 1988 479 2066 lucie,
497 1987 541 2051 ita
552 1987 610 2051 snb
623 1987 748 2069 pletatis
761 1987 860 2050 fronte
872 1987 1058 2070 gentilitatis
1071 1987 1189 2050 malum

69 2093 94 2151 et
114 2091 190 2155 intra
211 2092 332 2174 gratim
355 2091 543 2156 uocabulum
566 2091 784 2155 absconditum
811 2091 870 2155 erit
896 2092 993 2155 fatale
1021 2093 1187 2155 decretum.
1217 2111 1242 2150 rs

69 2193 89 2255 si
113 2213 180 2278 ergo
202 2215 283 2260 nnus
307 2195 346 2259 ad
368 2197 478 2276 uitam,
502 2197 581 2260 alter
604 2195 642 2259 ad
665 2195 879 2278 perditionem,
904 2201 939 2261 ut
962 2199 1114 2276 asserunt,
1138 2196 1191 2258 de·

69 2303 181 2374 putatus
198 2304 257 2380 est,
280 2301 363 2364 sicut
377 2300 502 2382 quidam
524 2303 702 2364 sanctorum
719 2301 803 2380 dixit,
828 2318 889 2364 non
912 2299 1067 2364 iudicandi
1090 2301 1192 2364 nasci-

70 2419 137 2482 mur,
158 2405 212 2468 sed
234 2404 373 2484 iudicati,
402 2423 502 2486 neque
530 2405 594 2468 ulla
620 2403 680 2468 sibi
707 2405 792 2468 iuxta
814 2405 891 2468 haec
913 2405 1026 2486 poterit
1049 2404 1190 2485 aequitas

70 2511 194 2572 constare
217 2508 333 2572 iudicii.
365 2527 436 2572 nam
459 2509 485 2571 si
507 2507 583 2572 nibil
600 2509 676 2572 deus
692 2509 809 2572 famulo
825 2509 919 2588 dedit,
943 2527 962 2572 a
982 2509 1098 2573 famulo
1119 2509 1190 2589 quid

71 2615 218 2691 reposcet?
1217 2631 1242 2671 20

588 2767 662 2832 llll.

72 2907 148 2952 armis
180 2913 282 2954 OPERA
322 2912 548 2954 DESTRUUNTUR
585 2913 625 2952 ΕΤ
663 2911 800 2952 GRATIAS
835 2912 1090 2954 continuabuntur
1130 2911 1191 2952 uua

72 2993 176 3040 eburna
196 2999 270 3057 HOC,
291 2999 375 3048 QUOD
392 2999 611 3040 innocuisslrrn
631 2999 819 3040 maurinom
839 3000 900 3040 PRO
923 2999 1030 3040 somus
1053 2998 1191 3040 GRATIAS

417 3085 615 3126 Ansna'rrona
634 3086 829 3128 PROPONUN'P.

109 3217 258 3303 Legimus
291 3221 444 3301 inquiunt,
476 3220 515 3284 ad
545 3221 718 3285 Romanos:
751 3221 781 3284 si
812 3221 907 3284 enim
936 3218 1123 3283 Abraham
1151 3237 1190 3282 er
1218 3247 1243 3286 es

75 3324 231 3402 oporibus
254 3324 492 3388 iustificatos
517 3329 582 3404 est,
605 3325 717 3389 habet
740 3325 908 3408 gloriam,
932 3324 994 3386 sed
1010 3341 1080 3388 non
1096 3323 1191 3406 apud

75 3423 177 3510 deum,
208 3430 302 3494 ilem:
335 3429 366 3492 ei
397 3431 536 3508 autem,
567 3430 629 3510 qui
659 3431 850 3511 operatur,
878 3447 1019 3493 merces
1047 3445 1118 3491 non
1140 3428 1192 3491 in·

76 3535 209 3608 putatur
239 3533 442 3597 secundum
472 3533 648 3616 gratiam,
679 3532 741 3596 sed
776 3533 976 3596 secundum
1009 3531 1188 3595 debitum.

76 3633 99 3695 ci
119 3655 213 3716 uero,
236 3638 298 3719 qni
322 3655 391 3700 non
414 3639 605 3720 operatur,
629 3635 798 3700 credenti
822 3641 943 3700 autem
960 3637 996 3699 in
1013 3655 1107 3716 cum,
1131 3637 1191 3716 qni

78 3735 245 3805 iustificat
272 3741 441 3824 impium,
468 3743 665 3822 reputatur
692 3741 789 3804 fides
817 3740 895 3804 eius
926 3740 970 3804 ad
996 3739 1190 3803 iustitiam.
1218 3765 1244 3804 so

77 3841 177 3908 addunt
207 3847 316 3910 etiam:
351 3846 382 3908 si
410 3849 532 3909 autem
563 3845 685 3928 gratia
715 3863 783 3908 non
814 3863 854 3907 er
884 3841 1074 3927 operibus,
1105 3843 1192 3907 alio-

163 4001 190 4070 2]
207 4001 287 4056 liare.
309 4003 403 4065 1138.
451 3999 514 4054 Luc.
528 4001 569 4063 21,
582 4003 623 4054 36.
671 3999 698 4070 5]
717 3999 813 4054 lllatih.
834 4002 928 4063 17,20.
976 3999 1022 4068 25]
1041 3999 1116 4052 Rom.
1130 4001 1154 4062 4,
1166 4001 1191 4052 2.

79 4083 114 4150 ll]
130 4085 198 4142 Rom.
216 4091 241 4152 l,
254 4092 270 4144 ⁴
283 4104 321 4156 sq.
375 4087 421 4156 31]
441 4087 516 4141 Rom.
539 4091 577 4150 11,
591 4091 614 4142 b.

113 4223 270 4280 3babemini
287 4228 315 4282 P
377 4225 538 4296 llugireP
599 4227 631 4280 lo
649 4225 848 4279 commiscuerit
866 4225 893 4279 P
954 4221 1191 4292 1211111111-

81 4309 154 4363 lurl'
198 4317 229 4370 13
246 4315 411 4382 appareatP
462 4311 675 4379 tmnsllgnratP
725 4315 758 4367 20
777 4315 893 4381 reposcet
912 4311 1017 4381 scripsi,
1037 4309 1148 4379 reposcit
1168 4311 1195 4364 P

80 4393 107 4446 ll
122 4395 278 4454 dirimuntur
296 4401 323 4454 P
367 4402 400 4455 27
420 4400 513 4452 mercis
532 4401 559 4453 P
601 4403 635 4454 29
654 4399 727 4468 uero]
747 4402 864 4453 auterno

122 4489 166 4534 rrr
181 4493 249 4536 rensc.
1021 4489 1036 4536 ‘·‘
