2920 4930
516 395 611 450 Liber
630 396 643 450 I
663 399 738 453 7-8.
1152 395 1194 461 25

77 571 159 650 detor,
186 575 217 635 et
239 571 503 652 quemadmodum
530 574 600 654 post
632 571 754 636 diuersa
782 572 952 636 carnalium
979 571 1195 636 blandimenta

76 675 216 756 nitiomm,
245 694 323 757 quae
352 676 441 740 faede
463 675 564 759 prima
592 679 677 740 aetas
705 679 822 740 statum
850 695 942 740 suum
968 677 1105 741 retinens
1132 677 1195 740 oal-

74 797 132 842 oaro
146 781 308 863 potuisset,
332 799 403 844 sum
419 797 535 863 magno
551 781 720 845 luctamine
742 781 828 844 uelut
843 783 951 845 eontra
971 781 1057 844 ardui
1081 782 1194 845 montis

74 901 225 948 assensum
248 885 287 948 ad
310 883 436 948 uirtutis
459 884 544 947 uiam
567 884 693 964 reditur,
722 884 765 948 ita
791 884 921 948 humani
944 883 1064 948 arbitrii
1092 903 1110 948 a
1138 884 1194 948 deo

74 1007 207 1053 ronoessa
222 988 350 1054 libertas
363 987 471 1053 florem
487 988 689 1071 nigoremque
704 988 823 1072 gratiae
840 1006 913 1052 suae
929 988 1072 1071 perdidit,
1089 991 1195 1052 tamen
1235 1002 1248 1040 ⁵

74 1092 130 1173 ipsa
152 1110 212 1156 non
235 1092 337 1176 periit,
360 1095 397 1156 ut
419 1092 525 1155 diuina
547 1109 677 1156 munera
697 1109 759 1155 non
776 1095 841 1155 tam
857 1092 1021 1156 interdieta
1043 1091 1102 1156 sibi
1126 1111 1197 1156 sen-

74 1197 130 1276 tiat,
153 1216 245 1279 qnam
268 1215 340 1261 enm
364 1215 487 1261 summo
510 1196 615 1260 labore
643 1214 679 1260 ae
706 1197 816 1260 sudore
843 1215 898 1280 per
925 1196 1066 1260 adiutorii
1092 1199 1196 1280 patro-

74 1301 176 1365 rininm
199 1301 258 1366 sibi
280 1301 450 1384 repetenda
473 1319 542 1364 esse
565 1305 741 1384 eognoscat.

108 1404 187 1470 Audi
216 1405 429 1488 legislatorem
452 1406 490 1469 de
513 1405 685 1470 uoluntatis
713 1404 838 1469 arbitrio
867 1405 1094 1488 disputantem,
1125 1423 1197 1468 oum

74 1508 153 1573 dicit:
176 1510 282 1593 posui
304 1512 389 1574 anta
405 1510 539 1574 taciem
556 1511 656 1572 tuam
672 1508 789 1572 uitam
813 1512 848 1573 et
871 1512 1039 1588 mortem,
1063 1508 1197 1572 bonnm
1226 1525 1250 1563 ιο

75 1615 104 1675 et
125 1615 267 1678 malum.
301 1613 397 1696 elige
420 1614 551 1692 uitam,
576 1617 615 1676 ut
636 1613 758 1693 uiuos,
783 1611 959 1676 etiterum:
983 1613 1082 1677 uiam
1105 1613 1198 1676 ueri-

74 1719 152 1782 tatis
184 1719 296 1802 elegi,
330 1718 471 1782 iudicia
499 1721 563 1781 tua
594 1735 665 1781 non
696 1736 774 1781 sum
804 1717 953 1782 oblitus.
999 1717 1087 1780 uides
1117 1717 1198 1798 quod

75 1823 218 1886 neminem
240 1823 291 1886 hio
313 1822 428 1905 premit
456 1821 514 1886 fati
542 1822 592 1885 uel
624 1821 776 1904 inpositae
808 1820 986 1904 perditionis
1017 1820 1197 1900 nenessitas,

74 1923 120 1988 ubi
140 1927 275 2009 conpetit
298 1926 433 2009 eligendi
455 1929 609 2008 potestas,
641 1943 741 2006 neque
771 1925 803 1988 in
834 1943 930 1988 unam
956 1928 1079 2008 partem
1102 1925 1199 1988 trahit

73 2030 312 2110 praedestinatio,
336 2029 389 2092 ubi
412 2029 573 2110 utriusque
591 2029 688 2111 partis
705 2029 842 2093 defertur
863 2029 981 2093 electio.
1012 2029 1106 2092 item:
1130 2029 1200 2092 fiat
1226 2041 1250 2082 1⁵

74 2151 192 2197 monus
216 2137 293 2214 tna,
322 2137 362 2197 nt
389 2133 533 2196 saluum
565 2152 620 2196 me
650 2133 780 2213 faeiat,
810 2133 896 2214 quie
929 2133 1104 2196 mandata
1136 2135 1200 2196 tua

73 2237 173 2320 elegi,
203 2238 263 2302 hoo
290 2240 338 2302 est
367 2237 485 2301 dicere:
520 2237 709 2301 sollieitabat
740 2255 789 2300 me
821 2237 947 2318 quidem
977 2237 1009 2300 in
1040 2237 1198 2300 sinistram

72 2345 183 2421 partem
206 2341 380 2425 perniciosa
406 2341 515 2404 mundi
543 2341 704 2423 uoluptaS,
737 2341 792 2404 sed
822 2343 854 2404 in
883 2341 1041 2405 dexteram
1070 2341 1200 2404 manda-

72 2447 167 2509 torum
189 2449 315 2509 tuorum
338 2445 433 2509 traxit
454 2445 585 2508 utilitas.
626 2445 733 2526 itaque
749 2463 821 2508 oum
837 2448 946 2528 gentes
969 2443 1055 2527 ipsae
1071 2445 1109 2508 ad
1125 2445 1201 2508 mali

73 2545 175 2612 bonius
206 2549 352 2612 indicium
379 2548 473 2612 insito
501 2547 561 2612 sibi
584 2549 758 2632 dirigantur·
785 2548 921 2628 arbitrio,
952 2553 1068 2630 quanto
1098 2549 1199 2632 magis
1226 2565 1252 2603 ro

72 2653 217 2716 moderari
239 2653 278 2716 ad
300 2651 415 2716 bonam
443 2656 565 2734 partem
592 2653 764 2716 uoluntatis
792 2671 866 2716 suas
893 2651 1069 2716 libertatem
1096 2655 1201 2734 potest

72 2753 189 2820 humilis
213 2755 420 2836 Christianus,
444 2756 498 2838 qui
520 2755 763 2838 possibilitatem
791 2775 880 2842 suam
911 2757 944 2820 in
975 2757 1024 2820 dei
1052 2756 1200 2820 adiutoris

71 2858 374 2938 uirtuteoonstituit,
398 2861 553 2941 adquam
577 2860 706 2924 dieitur:
738 2861 768 2923 si
799 2860 855 2924 uis
886 2860 1076 2943 perlaetus
1105 2879 1199 2940 esse,

72 2963 169 3044 uada,
199 2963 316 3028 uende
347 2982 439 3046 quae
470 2963 599 3044 habas,
632 2968 661 3028 et
691 2964 822 3028 iterum:
856 2964 913 3028 uis
946 2982 1057 3029 sanus
1088 2963 1199 3028 fieri?

70 3067 214 3148 conscius,
237 3071 390 3150 qnantum
413 3067 496 3132 eordi
516 3068 653 3132 humano
668 3071 779 3151 potens
795 3069 894 3132 faetor
909 3068 1065 3148 indiderit,
1089 3069 1198 3134 uolnn-
1226 3083 1252 3122 2⁵

70 3173 162 3236 tatem
183 3173 290 3255 ipsine,
313 3191 405 3253 quem
430 3177 478 3236 est
501 3176 678 3252 sanaturus,
703 3173 883 3257 interrogat.
916 3191 988 3236 nam
1010 3177 1042 3237 et
1058 3173 1117 3236 alio
1133 3173 1199 3237 loeo

71 3275 224 3356 populum¹
246 3275 463 3341 ambulantem
498 3293 646 3340 conoessa
676 3275 795 3340 arbitrii
825 3276 968 3341 libertato
1003 3278 1047 3340 sio
1081 3277 1199 3360 arguit:
1290 3280 1292 3286 ’

70 3377 278 3444 edaciores
300 3381 480 3462 populum
504 3399 654 3444 saecum
678 3383 714 3445 et
736 3381 863 3445 oeulos
886 3379 1100 3461 habentem,
1125 3399 1201 3444 sur·

69 3481 150 3545 dnm
172 3488 206 3548 et
228 3503 338 3550 aures
362 3484 394 3547 ei
418 3487 515 3548 sunt.
554 3484 605 3548 hio
620 3485 702 3566 quod
719 3485 830 3548 surdus
847 3488 878 3548 et
893 3503 1003 3550 oaeeus
1019 3487 1077 3566 est,
1093 3488 1201 3550 eontu-

69 3587 183 3652 maoiae
207 3607 275 3654 osse
299 3588 502 3672 intellegitur,
527 3606 588 3652 non
613 3592 751 3653 naturae.
791 3592 823 3653 et
852 3589 883 3653 in
911 3589 1071 3672 euangelio
1094 3593 1201 3672 aperte
1227 3605 1254 3644 ³0

68 3692 198 3756 ostendit
213 3691 350 3756 inditum
367 3709 434 3756 esse
450 3692 569 3757 homini
585 3692 684 3756 bonae
698 3693 869 3756 uoluntatis
881 3693 1042 3757 affectum:
1059 3693 1090 3756 si
1106 3693 1200 3774 quie,

171 3845 211 3914 lo]
235 3847 314 3900 Dent.
333 3849 375 3910 30,
396 3849 434 3900 19.
507 3846 551 3915 11]
575 3845 673 3900 Psalm.
695 3849 752 3910 118,
769 3850 810 3901 30.
884 3847 927 3916 15]
951 3846 1049 3900 Pselm.
1071 3849 1128 3910 118,
1143 3849 1200 3901 173.

67 3929 338 3998 arimanniam.
393 3933 438 4002 21]
458 3933 549 3987 Ioann.
570 3937 593 3996 5,
607 3937 630 3988 6.
684 3933 915 4002 amramitas.
975 3935 1020 4003 31]
1039 3933 1103 3988 Luc.
1122 3937 1146 3997 9,
1159 3935 1200 3988 23.

115 4071 375 4138 lqnamammodnrn
394 4073 421 4126 P
472 4073 693 4142 onigorernquae
713 4075 739 4128 P
794 4076 825 4128 12
844 4072 906 4141 eligi
925 4075 952 4128 P
999 4075 1031 4130 13
1049 4072 1203 4142 praemitP

68 4159 100 4210 ll
121 4161 239 4227 conpetat
257 4161 284 4214 P
335 4157 455 4227 elegendi
474 4161 501 4213 P
547 4176 646 4227 neqnoa
665 4161 693 4214 P
738 4159 833 4228 neque]
853 4159 924 4213 enim
936 4159 1029 4215 addo
1077 4162 1108 4214 15
1126 4174 1201 4226 praa·

65 4241 201 4298 distinato
219 4247 245 4300 P
291 4245 445 4314 utriusquae
464 4248 491 4301 P
540 4249 569 4302 17
589 4245 779 4300 solicitabatP
826 4249 858 4302 18
875 4246 1060 4315 pernitiosaP
1106 4247 1137 4300 lu
1151 4245 1202 4298 ita-

64 4329 180 4398 quaen
227 4335 259 4388 20
278 4331 404 4386 iuditium
423 4333 451 4387 P
501 4335 532 4388 21
553 4331 710 4390 libertates
762 4335 795 4388 24
814 4331 893 4388 uiride
913 4335 940 4388 P
990 4335 1023 4390 a?
1043 4331 1158 4386 eoncessi
1176 4333 1204 4388 P
