2920 4930
270 391 308 453 16
730 392 751 444 Ι.
770 392 814 444 De
833 391 941 460 gratia

268 565 432 649 deputatus
448 567 580 649 ignorat,
604 571 770 649 utramque
793 571 898 630 tamen
923 571 1044 648 partem
1066 566 1198 630 defixam
1219 585 1287 630 esse
1311 571 1342 630 et
1358 568 1401 630 in·

268 670 451 734 mutabilem
476 689 537 735 non
561 671 692 754 ignorat.
718 671 792 754 quid
814 671 919 751 refert,
950 673 976 735 si
997 671 1135 735 nondum
1159 671 1279 736 nouerit
1302 671 1401 735 locum

267 794 374 856 sunm,
403 776 455 857 qni
483 775 700 840 definitissime
728 777 829 856 nouit,
859 775 1081 858 quianullum
1108 777 1169 840 iam
1197 775 1327 858 recipiat
1354 775 1400 838 nel

267 879 393 943 dentera
410 879 581 962 periculum
598 881 648 944 nel
665 881 790 944 sinistra
801 881 998 963 protectum?
1014 879 1122 962 quodsi
1138 880 1238 944 adhue
1253 883 1319 944 tam
1332 898 1402 943 con·

227 997 240 1036 ⁵
266 983 337 1047 susa
359 984 518 1066 persuasio
538 984 708 1048 orationem
729 985 937 1060 necessariam
953 987 1052 1067 putat,
1077 984 1287 1048 indubitanter
1309 1002 1401 1067 agno·

268 1091 344 1168 scat,
368 1088 440 1170 qnia
462 1092 571 1152 contra
594 1087 805 1152 definitionem
823 1107 912 1152 suam
930 1092 961 1152 et
977 1088 1014 1151 de
1030 1088 1129 1152 salute
1146 1088 1184 1152 ad
1199 1088 1400 1170 perditionem

267 1195 299 1254 et
314 1191 351 1254 dc
366 1191 536 1274 perditione
552 1193 683 1256 transire
699 1193 814 1274 poterit
830 1193 868 1256 ad
885 1193 1028 1256 salntem.
1058 1193 1083 1255 si
1100 1210 1172 1276 ergo
1188 1192 1293 1256 orandi
1311 1210 1399 1256 usum

266 1296 577 1379 praetermittendum
608 1315 676 1360 esse
708 1315 769 1362 non
800 1298 960 1377 aestimat,
995 1297 1133 1360 studium
1164 1313 1225 1360 non
1260 1296 1401 1360 excludat

266 1401 422 1482 operandi.
455 1401 592 1484 quidest
611 1401 690 1465 hoc?
721 1402 845 1484 pulsare
862 1401 974 1465 debere
997 1420 1047 1465 me
1071 1401 1188 1465 iudicas
1211 1403 1240 1464 et
1264 1401 1400 1484 aperien-

216 1520 240 1558 ιο
267 1504 342 1568 dum
364 1505 441 1568 mihi
464 1524 532 1569 esse
555 1505 722 1588 desperas?
761 1505 947 1570 alterutrum
971 1523 1042 1589 ergo
1066 1505 1169 1585 faciat,
1193 1509 1246 1568 aut
1267 1503 1401 1568 fructum

267 1609 413 1672 orationis
437 1613 531 1692 neget
553 1613 608 1673 aut
630 1609 732 1692 legem
756 1613 893 1673 statutae
915 1609 1097 1692 perditionis
1120 1609 1271 1673 excludat.
1317 1609 1401 1672 nide-

266 1731 336 1776 mus
367 1713 485 1794 itaque,
519 1714 590 1795 quia
620 1713 696 1777 haec
726 1714 820 1797 plena
849 1714 960 1778 erroris
991 1714 1134 1793 assertio,
1168 1713 1242 1776 dnm
1275 1731 1400 1776 cansam

266 1817 444 1881 intercludit
466 1817 584 1898 orandi,
608 1817 645 1880 de
668 1818 736 1881 luce
759 1818 878 1901 gratiae
901 1818 1010 1900 incipit
1033 1821 1064 1881 et
1079 1817 1149 1880 finis
1173 1817 1238 1880 eius
1261 1817 1292 1880 in
1316 1821 1402 1881 tene·

266 1920 337 1986 bras
358 1921 510 2005 sacrilegii
533 1922 669 1986 decurrit
684 1939 720 1985 ao
736 1921 848 1986 deficit.
880 1923 924 1986 sio
941 1921 1081 1986 diabolus
1104 1921 1270 1986 calliditate
1286 1921 1400 1985 ueteris

215 2041 239 2080 ¹⁵
265 2025 388 2089 artificii
420 2044 456 2090 ac
487 2027 687 2092 multiformis
718 2027 833 2110 ingenii
864 2027 969 2091 condit
998 2025 1214 2090 blandimenta
1243 2025 1399 2108 peccandi,

266 2130 310 2193 sio
326 2129 421 2193 etiam
437 2129 569 2194 malefici
586 2131 688 2194 facere
704 2132 815 2211 solent,
837 2131 890 2214 qui
906 2131 1080 2195 mortiferos
1098 2130 1266 2194 herbarum
1282 2134 1400 2212 tempe-

265 2237 337 2298 rant
359 2252 460 2314 succa,
485 2235 516 2297 in
540 2235 661 2298 condito
678 2239 733 2298 aut
753 2235 856 2317 aliquo
877 2235 958 2298 dulci
973 2234 1082 2318 poculo
1106 2232 1316 2298 nescientibus
1331 2251 1402 2316 pro·

265 2339 418 2421 piuaturis
441 2343 568 2421 gustum
591 2340 723 2403 mentita
750 2340 906 2402 suauitate
929 2343 1117 2422 conponunt,
1144 2338 1230 2402 unus
1253 2339 1402 2402 amaritu-

266 2443 345 2506 dinis
361 2443 529 2507 obscurant
551 2443 658 2506 frande
675 2443 857 2508 dulcedinis.
890 2447 1034 2526 prouocat
1057 2443 1176 2526 primus
1193 2443 1267 2507 odor
1289 2443 1401 2526 poculi,

213 2561 239 2600 2⁰
267 2547 321 2612 scd
343 2548 502 2631 praefocat
523 2549 661 2612 inclusus
685 2565 777 2631 sapor
799 2549 920 2612 ueneni.
954 2548 1016 2612 mel
1040 2548 1191 2629 estquod
1214 2547 1356 2612 ascendit
1372 2547 1402 2610 in

265 2650 357 2732 labia,
380 2651 421 2716 lel
446 2655 494 2715 est
517 2651 597 2733 quod
620 2652 779 2716 descendit
801 2653 834 2716 iu
857 2653 986 2716 uiscera.

308 2755 435 2836 Dicunt,
459 2755 541 2837 quod
560 2757 592 2820 in
610 2757 757 2821 alterutro
780 2775 884 2821 rerum
910 2759 995 2820 statu
1018 2756 1088 2821 illos
1111 2756 1172 2820 sibi
1194 2774 1277 2820 mors
1300 2755 1403 2820 uindi-

265 2864 324 2940 oet,
347 2859 423 2924 istos
446 2861 512 2924 uita
527 2861 681 2925 defendat.
710 2879 878 2942 quaecum
901 2861 1015 2941 dicant,
1039 2860 1092 2942 qni
1114 2879 1212 2924 unum
1235 2861 1266 2923 in
1283 2860 1400 2944 origine

265 2963 432 3046 perditum,
460 2964 592 3028 alterum
621 2965 653 3028 in
680 2965 961 3048 praedestinatione
988 2965 1132 3028 adfirmat
1158 2966 1301 3044 electum,
1327 2965 1401 3028 uide

214 3081 239 3122 2⁶
266 3086 326 3150 qno
353 3067 483 3151 inproba
509 3069 709 3150 persuasione
725 3069 875 3134 declinet.
922 3069 995 3151 quid
1019 3069 1101 3132 enirn
1126 3069 1209 3132 alind
1232 3069 1316 3148 dicit,
1340 3069 1401 3131 nisi

265 3172 347 3254 qnod
371 3173 522 3236 adiutorio
545 3173 693 3237 orationis
717 3177 827 3237 neuter
853 3174 1013 3256 indigeat?
1058 3191 1132 3237 nam
1159 3173 1223 3236 iam
1244 3172 1402 3255 praeordi-

265 3278 347 3342 natis
371 3277 409 3340 ad
431 3277 530 3342 uitam
553 3278 729 3342 necessaria
745 3297 806 3343 non
823 3279 891 3360 erit,
915 3278 1070 3361 deputatis
1092 3277 1131 3342 ad
1153 3280 1288 3342 mortem
1310 3276 1402 3360 prod-

266 3400 333 3445 esse
357 3399 418 3446 non
438 3382 561 3464 poterit.
592 3382 624 3445 in
639 3381 699 3446 isto
716 3400 918 3465 superuacua,
941 3383 973 3446 in
989 3382 1042 3446 illo
1064 3381 1188 3446 infirma
1202 3381 1401 3446 iudicabitur.

264 3483 416 3551 beneficia
431 3485 676 3569 supplicationis,
695 3487 747 3568 qui
763 3486 794 3550 in
807 3487 1022 3568 adquisitionis
1038 3486 1318 3568 praedestinatione
1343 3489 1401 3562 est,

213 3601 239 3642 ³⁰
265 3608 327 3654 non
355 3589 494 3671 requirit,
522 3589 575 3671 qui
602 3608 674 3655 uero
689 3589 721 3653 in
736 3590 917 3671 perditionis
940 3595 1039 3672 parte,
1064 3607 1126 3654 non
1148 3589 1265 3672 recipit.
1304 3589 1403 3671 quod-

266 3693 412 3757 sionnam
429 3693 669 3776 impendendam
686 3694 833 3757 aestimat
848 3694 987 3774 orationi,
1011 3693 1222 3758 indubitanter
1238 3691 1402 3777 intellegat

308 3899 597 3969 8praetermitendum
616 3901 643 3954 P
702 3901 810 3955 estimat
828 3901 855 3955 P
915 3900 1054 3970 9pulsaro
1073 3899 1167 3954 debere
1185 3901 1224 3966 (re
1243 3897 1308 3953 debe
1328 3919 1401 3954 noun.

265 3989 324 4054 att.)
344 3989 371 4041 P
435 3989 467 4042 10
486 3987 604 4056 dispersa
623 3989 650 4041 P
714 3990 745 4044 12
763 3987 843 4057 plano
862 3989 889 4043 P
953 3992 985 4045 14
1007 3987 1120 4042 incurrit
1142 3988 1170 4042 P
1233 3985 1359 4040 diabulus
1380 3989 1405 4041 P

267 4077 298 4130 17
316 4073 495 4143 propinaturis
513 4075 619 4144 scripsi,
638 4074 804 4142 propinaturi
823 4076 850 4130 P
900 4078 932 4132 21
953 4075 1084 4130 discendit
1102 4077 1129 4130 P
1172 4077 1207 4130 23
1226 4073 1349 4128 defendit
1363 4077 1403 4130 P¹

265 4159 337 4214 dicat
356 4161 405 4228 ΡΙ,
424 4159 551 4215 dicunto
611 4163 645 4216 24
663 4161 897 4230 praedistinatione
915 4163 943 4216 P
1002 4165 1036 4218 29
1054 4162 1116 4230 qnia
1133 4162 1160 4215 P
1215 4161 1404 4230 adquisitionis

264 4247 504 4316 praedestinatione
516 4249 622 4316 scripsi,
635 4247 819 4315 adquisitionis
830 4249 1079 4317 praedistinationes
1090 4249 1123 4316 P,
1135 4247 1311 4315 adquisitione
1325 4265 1403 4317 prae·

266 4333 449 4386 destinationis
468 4352 483 4388 o
