2886 4928
236 392 300 456 210
673 393 724 448 ΠΙ.
744 361 896 474 Epistula
913 397 938 450 8.

235 569 340 651 plures
370 573 513 634 terrenae
541 569 693 653 regimine
722 569 768 634 rei
799 568 963 634 subleuare
994 573 1026 634 et
1055 573 1127 652 post
1155 569 1233 633 haee
1262 565 1359 652 triplici

235 672 459 738 deliberatione
483 677 627 754 tractare,
650 673 723 756 quid
746 673 859 738 melius
883 673 934 754 sit,
957 674 1059 738 locare
1081 674 1132 738 uel
1156 673 1359 738 administrare
1432 675 1433 678 ’

234 776 286 840 uel
302 777 473 842 distrahere
488 779 644 861 propriam
660 778 847 862 portionem.
871 778 1009 862 primum
1024 795 1134 842 reuera
1147 777 1265 842 bonurn
1281 777 1359 854 esset,

233 883 270 944 ut
285 879 400 946 Christi
421 881 559 946 famulus
576 881 692 947 Christi
715 882 859 965 pauperis
882 883 949 947 nias
970 901 1006 947 ex
1021 885 1087 946 toto
1102 900 1221 966 pauper
1236 881 1360 946 studeret

194 1010 207 1050 s
233 984 386 1065 incedere,
417 986 445 1050 si
474 986 645 1068 perfectam
674 987 780 1070 magni
803 987 933 1050 alicuius
957 986 1138 1051 monasterii
1160 986 1298 1051 scholam
1318 983 1359 1047 nol
1435 1013 1436 1050 r

233 1093 317 1153 certe
346 1090 525 1154 insulanam
555 1091 713 1174 angelicae
744 1091 993 1174 congregationis
1024 1091 1167 1154 militiam
1193 1089 1298 1154 liceret
1317 1105 1360 1152 er·

232 1197 348 1276 potere.
394 1213 467 1258 nam
498 1195 530 1260 in
560 1195 662 1260 medio
693 1195 808 1259 saeculi
834 1195 1063 1259 institutionem
1087 1194 1281 1259 eremiticam
1301 1209 1361 1276 pro·
1435 1199 1436 1234 ³

233 1298 315 1363 ferre
337 1303 456 1381 quanta
477 1300 732 1384 magnanimitas,
756 1302 846 1364 tanta
868 1303 917 1364 est
938 1299 1117 1364 difficultas.

276 1400 346 1467 Suis
370 1422 444 1469 uero
467 1404 545 1469 uicis
569 1423 643 1469 suae
667 1405 789 1487 pondus
812 1404 961 1487 inponere
984 1403 1156 1468 secundum
1178 1421 1235 1487 pro
1252 1402 1360 1467 animae
1435 1431 1436 1458 ι

182 1533 208 1574 10
233 1506 423 1572 releuatione
454 1509 672 1592 conpendium,
703 1509 757 1572 sed
784 1507 1020 1591 peruidendum,
1050 1507 1077 1571 si
1100 1507 1213 1590 aliquis
1235 1507 1359 1572 filiomm

231 1613 298 1675 tam
322 1611 417 1676 arduo
440 1611 598 1677 sufficiens
623 1633 691 1677 esse
714 1613 821 1695 possit,
850 1612 1034 1696 obsequium
1060 1631 1099 1676 ne
1122 1613 1202 1676 forte
1222 1615 1360 1696 patemaa

232 1715 377 1780 iussionis
401 1717 569 1782 auctoritas
591 1717 623 1782 in
646 1721 769 1800 patrem
786 1767 895 1782 .....
934 1717 1090 1800 optimum
1110 1721 1159 1782 ast
1180 1716 1214 1781 in
1236 1713 1360 1781 secundo

232 1819 331 1903 gradu
354 1819 412 1884 sub
436 1821 526 1886 noxio
550 1821 709 1886 beneficiis
732 1821 983 1886 administratore
1006 1821 1186 1900 consistere,
1209 1821 1235 1885 ei
1251 1821 1300 1884 nel
1314 1835 1362 1881 uo·

232 1924 337 1988 luntas
372 1929 520 2008 suppetat
553 1927 603 1990 uel
637 1927 771 1990 facultas
806 1925 1026 1990 necessitatem
1060 1943 1182 1990 annuae
1214 1921 1361 2008 pensionis
1436 1975 1437 2014 3

182 2053 207 2096 re
233 2029 420 2112 imploderit.
1436 2051 1437 2060 ¹

276 2132 416 2198 Tertium
439 2137 488 2199 est
510 2153 565 2216 per
587 2134 726 2199 fidelium
749 2134 938 2198 famulorum
961 2134 1061 2198 electa
1083 2133 1199 2197 solacia
1218 2132 1361 2216 inpositae
1436 2143 1437 2152 ’

232 2239 456 2320 procurationis
479 2238 589 2303 officiis
613 2238 670 2303 sub
694 2239 819 2322 propria
841 2257 876 2302 ae
899 2238 1018 2302 minore
1042 2238 1250 2302 sollicitudine
1273 2254 1363 2320 quan·

233 2343 356 2406 titatem
388 2347 564 2407 reseruatae
591 2342 765 2425 gubernare
789 2341 982 2407 substantiae
1005 2345 1037 2406 et
1060 2360 1188 2406 cursum
1209 2361 1265 2424 per
1287 2341 1365 2404 uiam

233 2447 351 2530 regiam
382 2450 450 2512 tota
478 2447 691 2511 mediocritate
722 2447 864 2531 dirigere.
911 2446 992 2528 quod
1015 2465 1087 2510 eum
1110 2447 1235 2526 suadeo,
1265 2445 1365 2510 uideor

182 2575 208 2615 eo
234 2551 286 2614 uel
309 2555 449 2616 nostram
472 2551 640 2616 utilitatem
662 2551 714 2616 uel
737 2569 914 2636 paupemm
938 2551 1084 2634 cogitare.
1127 2551 1160 2615 in
1183 2567 1243 2632 quo
1266 2547 1365 2614 ordine

233 2671 296 2719 non
326 2673 436 2738 parurn
468 2659 517 2720 est
546 2655 634 2736 lucri,
658 2657 684 2720 si
711 2659 871 2720 reseruato
894 2673 954 2719 usn
976 2655 1148 2739 proprietas
1171 2652 1364 2718 distrahatur.

232 2759 337 2840 itaque
353 2760 489 2824 breuiter
508 2759 691 2840 indicantes,
715 2760 788 2842 quid
811 2759 956 2842 primum,
980 2759 1054 2842 quid
1069 2759 1242 2823 secundum
1258 2755 1366 2840 quidue
1437 2803 1438 2812 ,

233 2863 275 2928 sit
304 2865 442 2945 tertium,
474 2865 658 2929 electionem
688 2864 802 2928 iudicio
830 2865 881 2928 uel
910 2862 1112 2947 possibilitati
1142 2861 1366 2928 reseruanimus

233 2969 433 3033 consulentis.
479 2969 553 3051 quid
577 2970 678 3052 magis
706 2971 861 3052 conpetat,
890 2968 973 3050 quod
994 2967 1169 3053 promptius
1191 2966 1291 3050 possit
1312 2965 1367 3028 im·

181 3095 206 3138 ss
232 3071 321 3152 pleri,
349 3073 402 3136 ille
425 3072 585 3137 insinuare
608 3073 763 3156 dignetur,
793 3091 849 3156 pro
872 3073 959 3137 cuius
982 3073 1093 3138 timore
1117 3075 1149 3136 et
1171 3088 1276 3135 amore
1298 3086 1367 3133 eon·

233 3177 358 3241 sultatio
375 3177 444 3260 ipsa
458 3180 618 3242 tractatur.
658 3177 801 3242 dominus
825 3178 902 3242 daus
925 3180 1031 3242 noster
1052 3175 1206 3241 beneficia
1227 3176 1259 3240 in
1281 3173 1367 3240 uobis

277 3385 425 3453 lregione
451 3385 474 3441 S
498 3384 547 3452 (mi
570 3402 642 3440 mco.
660 3385 720 3452 alt.)
801 3383 872 3440 raS
951 3382 1099 3453 trepliciS
1183 3381 1369 3438 lstuderitS

232 3470 407 3528 5scolamS
467 3471 650 3527 dinsolanam
667 3472 697 3540 S,
715 3469 865 3526 insulamn
921 3469 1049 3526 liceritS
1100 3467 1369 3540 illleremiticamd

231 3557 256 3624 (i
278 3561 356 3624 eras.)
409 3557 527 3628 prolerre
544 3560 651 3628 scripsi,
668 3557 782 3628 proferri
801 3557 995 3625 SKmrsclrims,
1013 3555 1167 3626 profiteris
1228 3555 1369 3612 salome

233 3645 266 3699 10
283 3643 443 3698 reuelatione
465 3663 482 3700 c
551 3648 581 3701 ll
606 3647 663 3699 tam
686 3643 769 3698 arduo
790 3661 814 3713 o,
839 3643 891 3697 iarn
910 3643 994 3697 acduo
1013 3643 1043 3711 S,
1060 3645 1124 3712 fcit,
1142 3643 1181 3697 rei
1198 3646 1255 3697 tam
1272 3641 1368 3696 arduae

231 3729 358 3799 obsequii
372 3733 401 3799 S,
419 3730 544 3801 obsequio
562 3749 579 3788 c
595 3733 749 3788 Kmssets'us
800 3733 924 3800 paternae
943 3729 1067 3784 iussionis
1080 3731 1243 3798 neeesse,
1260 3733 1370 3799 paterne

231 3817 287 3872 eius
305 3819 385 3885 (corr.
407 3821 531 3888 palamne
549 3819 602 3886 ius)
626 3818 696 3872 sonis
717 3819 740 3874 S
791 3821 823 3873 12
841 3817 957 3887 patrem]
976 3817 1047 3872 udde
1064 3816 1112 3870 fiat
1129 3819 1174 3872 cel
1190 3819 1278 3873 simile
1297 3815 1368 3887 quid.

231 3905 259 3960 in
285 3909 361 3975 patre
388 3905 551 3960 desideretur
573 3907 725 3962 Mammeos
794 3903 976 3959 obtimumS
1046 3905 1078 3959 13
1101 3901 1370 3958 comministratores

232 3997 265 4050 15
274 3993 422 4064 implererit
431 3995 454 4050 S
461 3993 509 4060 (rit
515 4011 565 4063 per
574 3994 762 4064 compendium
771 3993 922 4062 serapium),
935 3989 1058 4060 impleret
1067 3991 1223 4046 Krasclrias
1272 3991 1307 4045 16
1319 3994 1370 4043 ter·

231 4081 339 4138 cinnas
385 4083 417 4138 18
430 4079 586 4152 gubernes
630 4080 856 4150 cursumscm'psi,
869 4078 1206 4148 odaeumomamquam
1218 4079 1370 4132 Mommsen

232 4171 263 4224 19
286 4167 453 4236 diregereS
518 4165 877 4235 alluerisie,1uoriss
944 4165 978 4220 23
999 4164 1161 4220 terciumS
1228 4163 1373 4220 inditioS

229 4257 263 4310 24
289 4255 441 4324 promptius
469 4256 492 4312 S
559 4257 593 4311 25
621 4253 779 4308 consultatio
807 4253 921 4322 Statimp
947 4253 979 4307 im
1002 4253 1062 4308 Act.
1085 4257 1169 4308 eccm.
1192 4269 1273 4307 meam.
1298 4251 1371 4322 Sept.

234 4341 574 4410 V11r05,consolatios
630 4341 664 4396 26
682 4339 847 4396 aasentias
907 4336 984 4392 uobis
1002 4339 1162 4408 Mommsen,
1181 4337 1258 4392 nobis
1277 4338 1304 4394 S
