2954 4930
525 458 589 512 1111.
610 459 720 512 Sermo
739 461 780 513 26.
1159 399 1240 522 329Ι

82 637 185 720 magis
216 635 419 720 reprehendo,
454 637 518 718 qui,
552 653 624 698 cum
653 634 755 716 parati
785 634 901 698 tuerint
930 635 1079 714 ieiunare,
1114 638 1223 717 postea

81 759 179 823 quam
202 741 358 805 audierint
380 739 618 819 sollemnitates,
642 737 826 822 ambiguum
849 739 1053 822 neglexerunt
1074 739 1221 802 ieiunare.

81 845 343 910 demonstrabant
376 845 484 926 utique
519 861 581 908 non
612 863 645 908 se
675 844 817 908 uolentes
844 843 987 926 religiose
1018 843 1133 924 uiuere,
1167 844 1222 906 sed

81 953 217 1014 coactos.
262 949 355 1014 ueriti
383 952 467 1030 eunt,
496 949 597 1030 oredo,
626 967 665 1012 ne
692 949 830 1030 quinque
858 947 979 1011 dierum
1007 946 1129 1011 ieiuniis
1151 966 1222 1029 pro-

79 1055 218 1138 longatis
241 1071 312 1119 caro
336 1071 388 1118 eos
404 1071 577 1137 corpusque
593 1053 741 1118 deiecerit
756 1056 789 1117 et
804 1052 898 1117 exiles
915 1069 950 1116 ao
965 1056 1075 1117 tenues
1091 1051 1222 1134 quadra-
1261 1079 1274 1118 e

79 1159 223 1242 gesimae
246 1158 468 1223 abstinentiam
491 1158 624 1222 tolerare
648 1175 710 1223 non
733 1161 871 1241 possent.

126 1262 269 1327 Audiant
290 1263 386 1346 igitur
409 1262 519 1327 refecti
541 1262 656 1346 pariter
684 1279 719 1326 ao
742 1261 873 1341 robusti,
901 1264 1012 1326 tenues
1040 1264 1134 1343 atque
1156 1261 1223 1345 pal-

79 1369 193 1447 lentes,
217 1367 290 1449 quia
312 1367 402 1431 hodie
426 1369 475 1431 est
496 1366 744 1450 quadragesima.
781 1365 909 1430 audiant
930 1365 985 1445 illi,
1017 1365 1157 1447 inquam,
1189 1369 1224 1429 ut

80 1473 221 1536 ieiunare
243 1471 396 1555 incipiant
417 1471 479 1552 isti,
510 1470 667 1535 abstinere
697 1487 759 1535 non
787 1470 932 1534 desinant
962 1473 993 1534 at
1015 1470 1223 1534 communiter

78 1577 111 1641 in
142 1594 248 1640 arcam
272 1575 388 1641 Christi
417 1577 534 1640 intrare
564 1575 723 1640 festinent.
770 1574 867 1638 immo
898 1575 1047 1640 festinant
1077 1574 1222 1656 ampliuS,
1250 1601 1276 1640 ιο

79 1682 156 1763 quia
179 1680 298 1745 tardius
322 1679 481 1744 abstinere
504 1683 682 1761 coeperunt,
712 1683 748 1743 ut
778 1679 992 1762 castigatiores
1023 1681 1054 1742 et
1081 1679 1222 1762 puriores

78 1787 252 1866 introeant,
287 1785 360 1867 quia
389 1801 462 1848 arca
491 1783 609 1849 domini
638 1785 671 1847 in
700 1783 846 1866 periculis
877 1783 1016 1847 ieiunum
1046 1785 1222 1848 sustentare

78 1889 254 1973 praeualet,
278 1889 489 1954 temulentum
512 1889 668 1952 sustinere
691 1905 754 1952 non
777 1887 874 1952 nouit.
921 1887 1125 1952 admonemus
1149 1906 1222 1972 ergo

78 2012 149 2074 uos,
172 1993 254 2058 sicut
276 1993 340 2057 iam
363 1996 435 2058 ante
458 1993 603 2073 diximus,
634 1992 732 2057 nostri
761 1992 910 2076 temporis
933 1991 1086 2072 homines,
1116 1991 1221 2056 uthis

79 2097 191 2162 muudi
221 2095 398 2162 turbinibus
433 2097 471 2162 ad
495 2097 622 2161 domum
653 2097 703 2160 dei
737 2097 881 2161 certatim
913 2095 1126 2178 unusquisque
1149 2113 1222 2160 oon·
1250 2121 1274 2161 1⁵

77 2203 192 2286 fugiat,
227 2201 307 2266 sicut
337 2204 369 2265 et
398 2201 446 2265 sui
477 2201 627 2285 temporis
657 2201 799 2265 homines
821 2199 888 2264 Noe
918 2200 1020 2264 iustus
1051 2200 1221 2264 admonuit.

79 2306 247 2371 admonuit
270 2307 353 2370 enim
380 2305 450 2370 illos
479 2309 508 2370 et
531 2306 673 2370 futurum
697 2305 849 2369 diluuium
873 2304 1051 2388 praedicare
1079 2322 1141 2369 non
1169 2304 1223 2368 de-

78 2411 163 2476 stitit
191 2413 237 2491 et,
264 2410 339 2474 lieet
366 2428 425 2474 uox
448 2409 687 2493 praedicationis
716 2427 776 2475 non
805 2409 848 2474 sit
875 2408 989 2489 audita,
1017 2413 1135 2489 tamen,
1164 2409 1222 2473 etsi

78 2513 209 2580 tacebat
231 2515 349 2598 lingua,
373 2531 465 2596 opere
488 2514 682 2596 loquebatur,
706 2515 765 2578 etsi
788 2513 902 2578 silebat
920 2514 1007 2596 loqui
1029 2531 1116 2594 uoce,
1140 2515 1223 2578 ascia

77 2617 280 2703 personabat.
326 2636 398 2682 curn
433 2618 517 2682 enim
552 2617 735 2683 aedificabat
764 2623 830 2682 tam
860 2619 977 2702 grande
1011 2637 1098 2700 opus,
1133 2635 1222 2682 arcae
1249 2645 1275 2684 eo

76 2725 164 2788 illius
180 2740 319 2802 oausam,
342 2739 397 2786 cur
413 2721 511 2804 fieret,
527 2723 594 2806 ipso
617 2741 709 2806 opere
725 2721 908 2786 testabatur.
947 2721 1122 2786 testabatur
1138 2723 1222 2786 enim

76 2829 148 2910 ipso
172 2829 324 2910 apparatu
348 2843 431 2890 noua
453 2826 655 2891 tabernacula
677 2827 767 2891 nouis
790 2827 936 2908 periculis
959 2827 1129 2909 profutura.
1173 2845 1223 2890 sa-

76 2933 170 3015 piens
203 2931 285 2995 enim
309 2931 440 3013 quisque
470 2931 652 3014 intellegere
679 2934 801 3014 poterat
832 2930 986 3014 naufragii
1016 2929 1119 2994 nescio
1150 2931 1223 3012 quid

77 3036 258 3115 imminere,
282 3053 353 3099 cum
369 3035 481 3100 domus
497 3035 567 3100 talis
582 3033 682 3116 fieret,
706 3053 784 3117 quae
809 3053 869 3099 non
893 3034 1067 3098 inhaereret
1081 3035 1113 3098 in
1129 3037 1221 3116 terra,

77 3141 137 3205 sed
169 3143 293 3203 nataret
322 3139 355 3204 in
378 3139 511 3224 gurgite,
541 3157 612 3203 cum
641 3139 812 3222 hospitium
843 3137 1020 3204 huiusmodi
1049 3143 1222 3221 pararetur,
1250 3165 1275 3206 re

78 3243 167 3328 quod
199 3261 256 3307 nec
277 3244 493 3327 pauimentum
523 3244 588 3308 solo
612 3243 761 3327 defigeret
792 3261 848 3307 nec
878 3241 1025 3306 fluctibus
1055 3243 1141 3307 unda
1170 3244 1223 3307 de·

77 3351 249 3433 mergeret.
295 3348 374 3430 quie,
398 3348 537 3430 inquam,
561 3349 685 3430 sapiens
709 3366 771 3412 non
793 3348 990 3432 intellegeret
1012 3347 1120 3411 adesse
1144 3347 1223 3412 dilu-

77 3455 183 3533 uium,
208 3471 279 3516 cum
303 3452 424 3516 uideret
447 3453 510 3517 tale
533 3452 722 3517 domicilium
746 3451 824 3532 fieri,
852 3452 933 3534 quod
957 3455 1118 3535 susceptos
1141 3452 1223 3517 intra

76 3577 110 3622 se
137 3575 202 3621 nou
225 3561 291 3620 tem
314 3557 473 3621 clauderet
495 3575 588 3640 quam
605 3560 752 3640 portaret,
776 3557 856 3638 quod
877 3559 1020 3622 nontam
1043 3557 1221 3640 pluuiarum

75 3661 199 3726 imbres
222 3661 386 3744 repelleret
408 3679 503 3744 quam
526 3662 681 3746 naufragii
703 3661 856 3745 procellas
879 3664 1018 3726 arceret?
1064 3679 1152 3744 quoe,
1175 3661 1222 3725 in-
1249 3687 1275 3728 eo

123 3864 137 3916 l
164 3859 328 3929 reprehendo
350 3861 458 3930 scripsi,
481 3825 704 3930 reprehendendi
705 3817 747 3916 '³1⁰³
771 3861 871 3928 (uoluit
893 3859 1123 3931 reprehendendos
1144 3862 1222 3930 puto)

75 3963 142 4002 cum
160 3945 249 4034 parati
266 3948 374 4016 scripsi,
393 3947 540 4016 comparati
559 3948 586 4001 P
637 3947 917 4017 2eollempnitatesP
969 3949 1102 4002 tcoactos
1113 3949 1222 4017 scripsi,

74 4057 151 4129 quod
169 4025 276 4113 actri'P
291 4059 321 4126 (d
338 4075 453 4128 musam,
472 4076 497 4122 e;
515 4061 660 4128 monuit)
715 4063 747 4116 10
765 4061 894 4115 areamP
944 4061 1075 4130 ymmeP
1128 4062 1157 4116 ll
1179 4076 1222 4132 op·

74 4149 179 4217 parunt
196 4147 225 4200 P
275 4146 461 4216 gastigatiores
480 4147 508 4201 P
560 4147 691 4202 learcho
710 4148 737 4202 P
787 4147 906 4202 ieiunum
924 4149 1030 4218 scripsi,
1048 4147 1177 4202 ieiunium
1195 4149 1223 4202 P

76 4237 110 4290 13
140 4247 326 4287 ammonemus
353 4235 381 4288 P
462 4235 494 4289 16
522 4233 673 4288 ammonuit
700 4236 727 4289 P
751 4241 863 4305 atroque
889 4237 946 4292 loco
1028 4237 1062 4289 20
1089 4233 1168 4305 archp
1195 4235 1223 4289 P

73 4325 106 4378 21
122 4321 236 4390 quan
285 4321 440 4377 aliminere
455 4321 482 4376 P
526 4323 560 4378 25
573 4322 745 4376 nataroetP
789 4321 936 4392 hospitium
948 4322 1055 4392 scripsi,
1066 4321 1183 4390 hospitio
1196 4323 1223 4376 P

73 4411 109 4464 30
129 4405 230 4462 urna
246 4407 275 4462 P
