2954 4930
440 417 665 488 Epistularum
683 417 765 472 lib.I
785 421 893 474 15—li.
1176 417 1240 482 369

98 591 272 656 derandum
288 592 386 656 animi
400 593 463 657 moi
478 593 599 657 uiscera
614 593 787 673 concitasti,
811 611 890 675 quae
906 593 938 656 in
954 595 1077 657 tantum
1093 591 1242 656 allectum

98 701 190 760 tuum
221 697 434 761 meracissima
464 696 630 763 dilectione
659 701 817 762 commota
846 701 929 778 sunt,
961 700 1005 777 ut,
1036 715 1128 779 quem
1150 695 1241 779 spiri-

97 800 217 865 talibus
233 801 329 866 oculis
345 802 547 884 contemplor,
564 803 660 866 etiam
676 802 854 867 cunalibus
871 820 997 866 cernere
1014 801 1240 884 concupiscam.

96 921 194 987 qnam
207 903 247 968 ob
259 923 326 969 rem
342 906 429 970 salue
445 906 476 970 in
489 904 612 970 Christo
628 906 754 971 domino
770 907 940 989 plurimum
956 906 1062 970 dicens
1078 904 1241 988 specialius

98 1025 226 1090 quaeso,
257 1013 377 1074 utana
399 1027 471 1074 cum
494 1011 608 1075 domno
632 1027 701 1074 meo
725 1011 879 1095 episcopo,
907 1029 1000 1093 quern
1024 1010 1063 1073 ad
1086 1027 1142 1075 nos
1165 1027 1242 1073 nen·
1267 1037 1280 1076 s

96 1115 206 1176 turum
221 1129 277 1196 pro
294 1131 352 1177 sua
366 1113 547 1198 dignatione
563 1113 693 1196 conlido,
710 1113 800 1180 nobis
817 1115 855 1178 ad
871 1114 1085 1178 humilitatem
1101 1116 1240 1178 nostram

97 1216 291 1281 uisitandam
302 1217 423 1283 faciatis
438 1218 594 1298 inimiam,
610 1223 646 1284 nt
660 1220 817 1300 possimus
833 1219 866 1283 in
883 1236 979 1282 unum
998 1217 1092 1302 positi
1104 1217 1241 1281 fructum

97 1320 136 1384 de
164 1324 272 1386 nostra
293 1321 429 1386 inuicem
452 1339 561 1405 capere
584 1325 770 1406 praesentia,
801 1323 876 1390 dum
899 1321 1085 1386 sciscitantis
1109 1321 1242 1404 intentio

96 1423 135 1488 tit
150 1425 368 1508 respondentis
392 1426 523 1491 eruditio
546 1431 578 1491 et
600 1431 727 1492 mutuus
750 1426 885 1509 quodam
901 1426 993 1490 modo
1016 1425 1174 1508 proiectus
1197 1425 1243 1489 di·

96 1529 216 1594 scentis
240 1528 373 1595 eflicitur
396 1535 428 1596 et
450 1530 599 1596 docentis.
644 1549 714 1614 pax,
738 1549 807 1616 pax,
830 1549 899 1616 pax.
945 1525 948 1531 ’
1269 1557 1294 1599 ιι

619 1775 720 1841 XVII.

96 1935 210 1976 DOHNO
240 1935 362 1976 human
393 1935 474 1978 SUAE
504 1938 544 1977 ET
573 1936 663 1978 'roris
693 1937 724 1976 ΙΝ
748 1935 878 1978 cumsro
900 1935 1022 1978 DOMINO
1044 1934 1241 1978 pxnucmords

139 2021 325 2064 ulammaus
347 2021 534 2064 EXGOLMDO
556 2023 696 2064 Postumo
719 2022 834 2064 ΔΒΒΑΤΙ
858 2022 1003 2065 susumus
1026 2021 1203 2064 serracorum

141 2155 301 2240 Scriptum
334 2159 395 2237 est,
431 2157 512 2222 sicut
546 2157 607 2241 ipsi
642 2158 753 2222 melius
788 2157 901 2222 nostis:
938 2157 1027 2221 mihi
1057 2155 1240 2236 uindicta,

97 2279 167 2344 ego
189 2259 415 2342 retribuam,
439 2261 530 2325 dicit
553 2261 731 2326 dominus.
771 2261 833 2326 iam
856 2279 912 2327 uos
935 2261 1023 2342 mihi,
1046 2261 1072 2325 si
1095 2260 1170 2344 qnid
1193 2260 1241 2324 in·
1268 2287 1292 2327 rs

96 2365 229 2448 putatis,
252 2365 416 2448 ignoscite,
440 2366 512 2448 quia
535 2365 641 2430 sciatis
664 2365 825 2430 dominum
848 2365 1033 2430 uindicasse.
1071 2369 1137 2430 tam
1161 2364 1241 2428 auiis

96 2487 168 2534 esse
191 2487 249 2534 nos
273 2469 434 2534 itineribus
457 2469 607 2534 noueritis
621 2470 653 2534 in
669 2473 735 2534 tarn
751 2469 874 2534 abditas
891 2470 1072 2534 solitudines
1088 2470 1240 2548 inductos,

95 2578 132 2638 ut
164 2591 219 2638 eas
249 2577 388 2638 retexere
422 2575 545 2638 animus
576 2575 712 2655 horreat,
747 2593 836 2639 mens
867 2575 1011 2658 refugiat,
1046 2591 1147 2638 sermo
1178 2591 1240 2637 non

94 2681 203 2760 queat.
250 2677 437 2743 incurrimus
461 2697 595 2761 namque
619 2679 766 2743 semitam
788 2678 981 2743 obstructam
1004 2679 1111 2758 ramis,
1138 2677 1239 2759 spatio

94 2781 312 2862 constrictam,
336 2783 434 2867 spinis
450 2783 575 2863 hirtam,
599 2783 749 2867 stirpibus
765 2785 915 2864 clausam,
935 2781 1070 2848 obsitam
1087 2781 1238 2862 sentibus,
1266 2808 1291 2846 ao

93 2887 162 2951 situ
186 2903 340 2969 asperam,
363 2905 509 2952 saxorum
530 2887 696 2972 aggeribus
711 2887 893 2970 inpeditam,
916 2887 1057 2952 radicum
1073 2887 1238 2951 conexione

93 2995 303 3072 constratam,
326 3009 422 3056 caeno
445 2993 674 3076 uoraginosam,
697 2995 733 3056 ut
755 2992 786 3056 in
810 2995 875 3056 tarn
898 2991 991 3055 uariis
1014 2995 1141 3074 tamque
1157 2991 1240 3054 mul-

92 3093 258 3178 tiplicibus
286 3095 378 3160 malis
401 3115 464 3162 non
488 3101 572 3161 esset
594 3096 726 3179 simplex
748 3097 850 3160 forma
871 3095 1009 3178 periculi,
1036 3095 1111 3160 dum
1134 3095 1239 3160 cabal-

90 3200 200 3264 lorum
223 3199 319 3282 pedes
341 3201 483 3265 radicum
502 3201 602 3265 uirtus
618 3201 736 3264 detinet
752 3205 784 3264 ct
799 3200 854 3265 soli
871 3200 1001 3283 putredo
1017 3217 1080 3264 uon
1095 3199 1237 3281 sustinet,

91 3301 259 3370 montibus
283 3322 357 3370 uero
380 3305 425 3370 ita
447 3306 479 3370 in
498 3305 633 3370 sublime
648 3308 823 3387 porrectam
839 3307 871 3368 et
886 3303 1020 3368 uallibus
1036 3304 1069 3368 in
1084 3303 1239 3386 profunda
1264 3329 1290 3368 se

90 3409 287 3488 demersam,
319 3413 354 3472 ut
384 3427 440 3473 nos
469 3427 524 3493 per
552 3409 707 3474 undosum
730 3427 816 3473 mare
839 3407 1044 3472 excitantibus
1068 3425 1140 3472 eum
1162 3425 1238 3471 uen-

88 3504 202 3579 torum
233 3513 438 3578 saeuieutium
469 3513 576 3578 flabris
608 3517 713 3596 erepto
737 3512 775 3577 ab
799 3513 895 3578 oculis
918 3513 1033 3577 nostris
1056 3513 1179 3577 nebulis
1203 3531 1238 3576 ac

87 3615 235 3683 nubibus
251 3617 300 3681 dic
324 3617 384 3682 iter
406 3635 499 3701 agere
521 3617 729 3698 crederemus,
753 3607 835 3700 quia,
859 3617 982 3681 etiamsi
1000 3616 1116 3680 mundo
1132 3617 1237 3680 radius

87 3721 171 3786 solis
195 3719 316 3801 inluxit,
339 3721 378 3785 ad
401 3739 457 3786 nos
480 3739 554 3804 prae
578 3722 732 3786 densitate
755 3720 890 3785 nemoris
913 3721 1058 3804 splendor
1084 3721 1182 3803 ipsius
1205 3723 1237 3784 et

85 3826 181 3892 calor
192 3825 355 3908 peruenire
368 3843 430 3890 non
446 3825 556 3907 ualuit,
573 3826 648 3890 dum
664 3843 720 3890 nos
735 3826 779 3890 ita
790 3843 846 3909 per
856 3824 916 3890 iter
930 3825 1102 3890 infelicium
1117 3823 1235 3888 filicum
1263 3849 1289 3888 oo

204 3995 247 4066 14]
266 3995 343 4052 Rom.
358 3999 398 4061 12,
413 4000 453 4054 lo.

132 4163 298 4232 5quesoti
348 4164 525 4233 Scarperao
594 4161 768 4267 presentiriS
832 4165 865 4218 14
882 4161 1075 4218 uindictamt'
1136 4163 1167 4218 li
1187 4177 1235 4216 nos

81 4293 147 4334 esse
161 4293 181 4331 u
232 4277 266 4332 20
278 4273 436 4333 undenos
485 4278 519 4332 22
532 4274 716 4345 uoralgnosam
731 4275 784 4342 Sd
796 4293 868 4331 moa.
880 4277 939 4342 ott)
991 4277 1026 4331 at
1037 4272 1170 4344 profundo
1181 4275 1233 4330 Kr.

80 4369 121 4426 26
143 4363 293 4418 dimersum
312 4362 336 4419 S
387 4379 449 4418 eum
467 4380 553 4419 cm.c
605 4365 639 4418 30
657 4362 758 4416 lilioum
777 4363 839 4428 Ka,
858 4361 936 4416 ielicir
955 4363 986 4430 S,
1004 4361 1122 4416 lelioium
1140 4381 1157 4416 o

141 4457 285 4503 nleast.
1045 4453 1079 4500 Ἃ
