2924 4924
528 429 593 484 llll.
609 429 717 483 Sermo
737 431 777 484 15.
1156 426 1216 492 281

80 604 207 670 sedatur
235 607 276 685 et,
304 604 378 668 dnm
406 606 516 688 cnlpae
540 609 647 671 auctor
674 605 869 684 humiliatur,
897 604 988 686 culpa
1014 603 1218 668 consumitur.

79 709 216 791 dumque
244 710 379 792 corporis
407 709 541 775 adflictio
568 711 746 776 uoluntaria
773 709 961 774 districtione
988 709 1129 788 infertur,
1157 711 1220 772 tre·

78 814 185 879 mendi
207 813 318 878 iudicis
341 813 469 878 offensio
494 815 620 880 sedatur
648 819 679 879 et
705 814 846 898 ingentia
867 816 996 896 peccata
1017 813 1105 876 labor
1128 813 1220 876 soluit

79 921 221 1002 exiguus,
252 937 330 1001 quaa
360 919 412 984 uix
441 923 662 984 consumturus
690 922 737 983 est
765 919 854 984 ardor
881 921 1034 982 aeternus.
1082 917 1108 982 si
1136 917 1220 981 enim

78 1042 132 1088 nos
157 1024 219 1108 ipsi
246 1025 519 1107 peccatisnostris
543 1024 738 1106 disciplinam
762 1024 959 1106 inponamus,
982 1041 1037 1104 per
1060 1022 1220 1106 paeniten-
1258 1047 1272 1089 r

79 1130 155 1194 tiam
173 1129 277 1194 carnis
300 1129 455 1194 luxuriam
479 1133 727 1209 contemnamur,
751 1129 812 1193 cito
833 1127 921 1192 nobis
937 1128 1030 1192 deum
1053 1128 1221 1210 propitium

77 1234 242 1299 faciemus.
281 1237 443 1316 peccatum
466 1239 556 1298 tuum
580 1234 606 1298 si
630 1237 664 1297 tu
688 1233 842 1317 agnoscite,
866 1233 941 1297 deus
965 1232 1108 1316 ignoscit.
1146 1249 1220 1297 nam

78 1338 235 1420 quomodo
263 1341 366 1420 potest
389 1337 465 1418 fieri,
493 1342 528 1402 ut
554 1338 599 1402 illi
627 1341 756 1420 peccato
780 1337 856 1401 deus
880 1336 1024 1420 dignetur
1050 1337 1220 1419 ignoscere,

77 1443 159 1526 quod
184 1444 218 1506 in
241 1461 274 1506 se
296 1443 389 1507 homo
413 1443 599 1526 dedignatur
621 1445 814 1526 agnoscere?
884 1522 887 1528 Ι

120 1548 309 1612 Tractantes
333 1565 407 1630 ergo
430 1565 558 1611 causam
582 1548 693 1612 salutis
721 1551 847 1611 nostrae
874 1546 1026 1610 iaciamus
1049 1547 1132 1610 intra
1153 1563 1220 1627 noe,
1249 1571 1274 1611 ιο

77 1671 156 1735 quae
181 1651 266 1716 circa
292 1669 348 1716 nos
378 1652 489 1716 medici
513 1653 623 1716 solent.
670 1652 696 1715 si
724 1652 848 1715 laesura
874 1652 924 1714 uel
953 1651 1090 1732 querella
1117 1651 1222 1732 aliqua
1289 1713 1294 1724 ,

77 1759 108 1822 in
132 1757 240 1840 prima
261 1757 397 1838 corporis
418 1761 488 1821 cute
505 1757 650 1837 sentitur,
674 1757 792 1820 curatio
809 1756 1029 1819 medicamenti
1052 1754 1221 1820 blandioris

77 1863 274 1926 admonetur.
314 1861 341 1924 si
371 1879 445 1924 uero
475 1861 506 1924 in
530 1861 653 1926 ossibus
676 1861 792 1924 uulnus
817 1859 1018 1924 absconditur
1042 1859 1151 1923 autin
1175 1859 1222 1922 ui-

77 1983 207 2030 scerum
236 1965 391 2048 protunda
410 1965 589 2028 demersum
621 1969 678 2045 est,
710 1965 914 2029 austeriorem
945 1967 977 2028 et
1007 1964 1221 2028 uiolentiorem

76 2071 182 2154 poscit
209 2071 257 2134 uis
290 2069 411 2134 occulta
441 2070 639 2149 medicinam,
671 2073 706 2133 ut
735 2069 847 2132 ulceris
876 2068 1059 2152 magnitudo
1088 2071 1142 2132 aut
1170 2085 1222 2130 en·
1248 2091 1273 2132 n

76 2177 206 2240 ustione
232 2177 287 2238 aut
309 2173 459 2238 incisione
492 2177 655 2256 superetur
686 2177 717 2237 et
739 2173 825 2238 dolor
852 2173 956 2237 dolore
987 2173 1140 2236 uincetur.
1180 2173 1222 2235 si·

77 2279 164 2346 milis
190 2277 270 2342 ratio
299 2279 330 2342 in
359 2277 535 2342 animarum
559 2278 754 2360 aegritudine
783 2277 959 2342 adhibenda
986 2281 1043 2340 est.
1090 2277 1116 2340 si
1139 2276 1222 2340 leuia

78 2387 157 2448 sunt
198 2383 332 2448 sortasse
368 2386 513 2464 peccata,
555 2383 645 2446 uerbi
678 2382 779 2466 gratia
813 2383 837 2446 si
875 2383 969 2446 homo
1003 2383 1053 2446 uel
1090 2384 1122 2445 in
1157 2400 1222 2444 scr-

76 2505 175 2553 mone
206 2487 256 2552 uel
284 2487 317 2552 in
348 2487 451 2569 aliqua
482 2487 722 2569 reprehensione
753 2487 934 2567 uoluntatis
970 2487 1114 2550 sicoulo
1150 2505 1222 2569 pec-

71 2593 162 2658 cauit
186 2595 239 2656 aut
263 2591 364 2672 corde,
392 2591 559 2656 uerborum
583 2597 614 2654 et
636 2591 859 2674 cogitationum
883 2591 1025 2655 maculae
1055 2589 1223 2654 cottidiana
1249 2616 1275 2658 ro

71 2698 218 2762 oratione
241 2697 409 2762 uincantur
432 2701 463 2760 et
485 2697 608 2778 priuata
631 2696 859 2779 conpunctione
883 2695 1052 2778 tergendae
1076 2699 1159 2758 sunt.
1196 2695 1221 2758 si

72 2820 153 2866 uero
173 2801 314 2884 quisquis
338 2799 561 2865 conscientiam
585 2819 675 2864 suam
698 2800 783 2864 intus
806 2802 1002 2883 interrogans
1025 2801 1142 2864 crimen
1166 2798 1222 2863 ali·

71 2907 161 2990 quod
184 2906 319 2988 capitale
342 2905 508 2986 commisit,
533 2905 558 2969 si
582 2909 688 2969 antem
710 2903 805 2969 fidem
829 2923 918 2969 snam
942 2905 1020 2969 falso
1044 2904 1222 2968 testimonio

70 3010 273 3094 expugnauit
295 3027 331 3074 ac
353 3009 497 3092 perdidit,
525 3010 551 3073 si
574 3027 698 3073 sacrum
721 3010 863 3073 ueritatis
887 3026 1000 3072 nomen
1027 3009 1154 3092 periurii
1177 3012 1222 3072 te·

73 3115 226 3180 meritate
258 3113 397 3194 uiolauit,
428 3115 453 3177 si
484 3114 609 3178 niueam
640 3113 788 3195 baptismi
820 3113 959 3177 tunicam
992 3117 1022 3177 et
1051 3113 1222 3196 pretiosum
1249 3137 1275 3178 aa

71 3219 269 3304 uirginitatis
298 3219 502 3282 holosericam
526 3237 622 3282 caeno
650 3218 870 3282 commaculati
897 3217 1023 3300 pudoris
1051 3217 1168 3300 iniecit,
1196 3219 1222 3283 si

121 3519 134 3570 l
163 3514 283 3583 sedatur]
307 3515 477 3583 praeuenitur
500 3517 571 3584 Aop.
645 3517 661 3568 2
685 3513 835 3567 uoluntaria
859 3513 1024 3566 districtione
1046 3515 1154 3582 scripsi,
1177 3528 1222 3564 uo-

67 3601 195 3657 lurrtaric
214 3601 374 3654 districtioni
399 3602 435 3666 Ι),
454 3600 619 3654 uoluntariae
639 3600 813 3653 districtionis
833 3603 903 3670 Arrp.
967 3603 983 3655 3
1001 3599 1093 3654 iudicii
1112 3601 1141 3654 D
1155 3599 1221 3654 Eos.

68 3695 172 3744 ierat
190 3692 260 3757 strip.
334 3687 354 3740 si
375 3687 541 3742 euim-tti
560 3704 700 3756 agnoscere
719 3690 854 3758 ommam
918 3686 1053 3742 tiluxorid
1071 3688 1100 3741 D
1161 3703 1222 3739 con·

68 3791 249 3846 rempuamns
264 3775 293 3830 1)
345 3775 638 3840 trituratoriam.)
686 3774 800 3842 ignoscit
812 3792 845 3828 coc
857 3774 971 3840 ignoscis
985 3775 1013 3828 1)
1066 3772 1224 3828 llmediJ)

68 3863 209 3918 lesuraI)
264 3865 295 3916 15
314 3861 404 3914 oculta
417 3863 446 3916 Ι)
501 3863 532 3916 lo
551 3861 690 3914 irrcissionc
708 3863 737 3916 1)
793 3864 822 3916 17
841 3859 993 3914 adhibenda
1006 3861 1057 3928 cst]
1078 3860 1222 3914 inDsub·

67 3955 229 4022 eequrmtur
240 3950 333 4003 atatim
346 3950 428 4002 uerbo
442 3967 470 4016 p.
483 3953 573 4016 2d.‘l,5
592 3947 723 4000 autlienda
741 3953 788 4011 est,
804 3967 872 4017 pars
890 3955 979 4002 cratem
997 3947 1137 4012 sermonis,
1156 3963 1224 4014 pirae

66 4043 118 4094 bic
141 4037 289 4103 intercidit,
312 4037 410 4104 legitur
434 4037 462 4089 in
486 4037 573 4090 medio
596 4053 715 4090 sermono
732 4037 899 4090 antecedente
917 4037 964 4100 ito,
989 4041 1019 4088 ut
1041 4035 1121 4088 ctirrm
1140 4033 1223 4088 acrba

69 4137 101 4180 ut
125 4121 424 4176 ulceris-adhibenda
442 4127 482 4174 est
496 4124 543 4178 illo
557 4124 613 4178 loco
627 4125 806 4190 reperiuntur,
825 4127 859 4191 cs.
878 4123 941 4176 adro.
956 4123 1014 4178 crit.
1028 4121 1065 4174 orl
1074 4139 1102 4190 p.
1116 4125 1176 4188 aad,
1192 4125 1224 4174 lt}

67 4219 106 4269 ’20
123 4209 231 4264 macule
245 4209 389 4262 cotditiana
405 4209 433 4264 Ι)
480 4211 511 4264 21
528 4208 826 4277 uincautrrrlcumndac
840 4211 911 4278 Aug.
961 4207 1182 4276 conpunctionem
1195 4207 1224 4260 l}

67 4303 107 4355 ‘22
128 4313 239 4350 cremon
259 4297 288 4350 1)
350 4299 384 4350 23
402 4295 424 4348 si
443 4297 545 4364 autem]
565 4299 596 4348 ut
614 4295 635 4348 si
656 4298 726 4364 drap.
791 4298 822 4350 24
842 4295 962 4364 prodidit
981 4296 1052 4364 stup.
1104 4293 1175 4362 uiuri
1195 4294 1224 4348 Ι)

66 4391 105 4444 ‘25
129 4381 261 4436 babtismi
280 4383 309 4440 1)
373 4381 462 4436 torridi
481 4383 510 4438 l)
574 4385 608 4440 26
628 4382 762 4450 uirgitatis
780 4383 809 4440 D
863 4381 1004 4436 holosirici
1024 4382 1051 4435 D
