<?xml version="1.0" encoding="UTF-8"?>
<!DOCTYPE html PUBLIC "-//W3C//DTD XHTML 1.0 Transitional//EN"
    "http://www.w3.org/TR/xhtml1/DTD/xhtml1-transitional.dtd">
<html xmlns="http://www.w3.org/1999/xhtml" xml:lang="en" lang="en">
 <head>
  <title>
</title>
<meta http-equiv="Content-Type" content="text/html;charset=utf-8" />
  <meta name='ocr-system' content='tesseract 3.04.00' />
  <meta name='ocr-capabilities' content='ocr_page ocr_carea ocr_par ocr_line ocrx_word'/>
</head>
<body>
  <div class='ocr_page' id='page_1' title='image "./praetersermones00fausgoog/praetersermones00fausgoog_0030.png"; bbox 0 0 2920 4928; ppageno 0'>
   <div class='ocr_carea' id='block_1_1' title="bbox 237 371 951 471">
    <p class='ocr_par' dir='ltr' id='par_1_1' title="bbox 237 371 951 471">
     <span class='ocr_line' id='line_1_1' title="bbox 237 371 951 471; baseline -0.004 -13"><span class='ocrx_word' id='word_1_1' title='bbox 237 403 315 458; x_wconf 82' lang='lat' dir='ltr'>XXII</span> <span class='ocrx_word' id='word_1_2' title='bbox 410 371 412 376; x_wconf 17' lang='grc' dir='ltr'>ι</span> <span class='ocrx_word' id='word_1_3' title='bbox 683 402 924 471; x_wconf 88' lang='lat' dir='ltr'>Prolegomena.</span> <span class='ocrx_word' id='word_1_4' title='bbox 950 461 951 467; x_wconf 9' lang='grc' dir='ltr'>χ</span> 
     </span>
    </p>
   </div>
   <div class='ocr_carea' id='block_1_2' title="bbox 150 575 1384 4418">
    <p class='ocr_par' dir='ltr' id='par_1_2' title="bbox 237 575 1364 872">
     <span class='ocr_line' id='line_1_2' title="bbox 238 575 1364 660; baseline -0.005 -16"><span class='ocrx_word' id='word_1_5' title='bbox 238 597 319 644; x_wconf 89' lang='lat' dir='ltr'>anno</span> <span class='ocrx_word' id='word_1_6' title='bbox 348 577 423 660; x_wconf 88' lang='lat'>448,</span> <span class='ocrx_word' id='word_1_7' title='bbox 454 582 546 660; x_wconf 90' lang='lat' dir='ltr'>certe,</span> <span class='ocrx_word' id='word_1_8' title='bbox 578 579 604 643; x_wconf 91' lang='lat' dir='ltr'>si</span> <span class='ocrx_word' id='word_1_9' title='bbox 634 578 754 642; x_wconf 91' lang='lat' dir='ltr'>concilii</span> <span class='ocrx_word' id='word_1_10' title='bbox 777 577 1038 642; x_wconf 77' lang='lat' dir='ltr'>Chalcedonensis</span> <span class='ocrx_word' id='word_1_11' title='bbox 1070 595 1150 642; x_wconf 90' lang='lat' dir='ltr'>anno</span> <span class='ocrx_word' id='word_1_12' title='bbox 1180 576 1242 640; x_wconf 79' lang='lat'>451</span> <span class='ocrx_word' id='word_1_13' title='bbox 1274 575 1364 641; x_wconf 84' lang='lat' dir='ltr'>habiti</span> 
     </span>
     <span class='ocr_line' id='line_1_3' title="bbox 238 682 1364 762; baseline -0.003 -14"><span class='ocrx_word' id='word_1_14' title='bbox 238 687 355 749; x_wconf 89' lang='lat' dir='ltr'>statuta</span> <span class='ocrx_word' id='word_1_15' title='bbox 370 683 522 748; x_wconf 90' lang='lat' dir='ltr'>Faustum</span> <span class='ocrx_word' id='word_1_16' title='bbox 542 683 667 748; x_wconf 88' lang='lat' dir='ltr'>nouisse</span> <span class='ocrx_word' id='word_1_17' title='bbox 682 682 862 762; x_wconf 90' lang='lat' dir='ltr'>statuimus,</span> <span class='ocrx_word' id='word_1_18' title='bbox 886 686 958 746; x_wconf 90' lang='lat' dir='ltr'>ante</span> <span class='ocrx_word' id='word_1_19' title='bbox 974 682 1058 746; x_wconf 92' lang='lat' dir='ltr'>hunc</span> <span class='ocrx_word' id='word_1_20' title='bbox 1076 683 1126 746; x_wconf 86' lang='lat' dir='ltr'>nel</span> <span class='ocrx_word' id='word_1_21' title='bbox 1146 682 1235 746; x_wconf 89' lang='lat' dir='ltr'>illum</span> <span class='ocrx_word' id='word_1_22' title='bbox 1256 699 1364 746; x_wconf 89' lang='lat' dir='ltr'>annum</span> 
     </span>
     <span class='ocr_line' id='line_1_4' title="bbox 237 787 589 872; baseline -0.006 -20"><span class='ocrx_word' id='word_1_23' title='bbox 237 789 371 872; x_wconf 80' lang='lat' dir='ltr'>epistula</span> <span class='ocrx_word' id='word_1_24' title='bbox 394 787 511 870; x_wconf 87' lang='lat' dir='ltr'>scripta</span> <span class='ocrx_word' id='word_1_25' title='bbox 533 791 589 851; x_wconf 92' lang='lat' dir='ltr'>est.</span> 
     </span>
    </p>

    <p class='ocr_par' dir='ltr' id='par_1_3' title="bbox 236 889 1368 1497">
     <span class='ocr_line' id='line_1_5' title="bbox 281 889 1366 973; baseline -0.003 -17"><span class='ocrx_word' id='word_1_26' title='bbox 281 893 427 956; x_wconf 80' lang='lat' dir='ltr'>Extremo</span> <span class='ocrx_word' id='word_1_27' title='bbox 450 892 525 956; x_wconf 81' lang='lat' dir='ltr'>&#39;loco</span> <span class='ocrx_word' id='word_1_28' title='bbox 556 892 700 956; x_wconf 88' lang='lat' dir='ltr'>laudatur</span> <span class='ocrx_word' id='word_1_29' title='bbox 724 909 742 956; x_wconf 91' lang='lat' dir='ltr'>a</span> <span class='ocrx_word' id='word_1_30' title='bbox 764 889 925 956; x_wconf 91' lang='lat' dir='ltr'>Gennadio</span> <span class='ocrx_word' id='word_1_31' title='bbox 949 891 1114 973; x_wconf 82' lang='lat' dir='ltr'>epistula</span> <span class='ocrx_word' id='word_1_32' title='bbox 1135 890 1179 954; x_wconf 90' lang='lat' dir='ltr'>ad</span> <span class='ocrx_word' id='word_1_33' title='bbox 1201 889 1366 968; x_wconf 82' lang='lat' dir='ltr'>Felicem,</span> 
     </span>
     <span class='ocr_line' id='line_1_6' title="bbox 237 994 1368 1079; baseline -0.005 -17"><span class='ocrx_word' id='word_1_34' title='bbox 237 997 358 1062; x_wconf 87' lang='lat' dir='ltr'>filium</span> <span class='ocrx_word' id='word_1_35' title='bbox 381 995 508 1079; x_wconf 81' lang='lat' dir='ltr'>Magni</span> <span class='ocrx_word' id='word_1_36' title='bbox 530 996 713 1076; x_wconf 88' lang='lat' dir='ltr'>consulis,</span> <span class='ocrx_word' id='word_1_37' title='bbox 746 996 833 1059; x_wconf 91' lang='lat' dir='ltr'>ouius</span> <span class='ocrx_word' id='word_1_38' title='bbox 856 994 999 1077; x_wconf 90' lang='lat' dir='ltr'>pluribus</span> <span class='ocrx_word' id='word_1_39' title='bbox 1021 995 1096 1060; x_wconf 90' lang='lat' dir='ltr'>locis</span> <span class='ocrx_word' id='word_1_40' title='bbox 1120 995 1264 1059; x_wconf 84' lang='lat' dir='ltr'>meminit</span> <span class='ocrx_word' id='word_1_41' title='bbox 1288 994 1368 1060; x_wconf 89' lang='lat' dir='ltr'>Sido·</span> 
     </span>
     <span class='ocr_line' id='line_1_7' title="bbox 237 1099 1367 1186; baseline -0.004 -20"><span class='ocrx_word' id='word_1_42' title='bbox 237 1102 307 1168; x_wconf 87' lang='lat' dir='ltr'>nius</span> <span class='ocrx_word' id='word_1_43' title='bbox 328 1099 413 1183; x_wconf 91' lang='lat' dir='ltr'>(uide</span> <span class='ocrx_word' id='word_1_44' title='bbox 429 1101 563 1165; x_wconf 89' lang='lat' dir='ltr'>indicem</span> <span class='ocrx_word' id='word_1_45' title='bbox 578 1103 609 1165; x_wconf 94' lang='lat' dir='ltr'>in</span> <span class='ocrx_word' id='word_1_46' title='bbox 625 1101 833 1165; x_wconf 89' lang='lat' dir='ltr'>Luctiohanni</span> <span class='ocrx_word' id='word_1_47' title='bbox 849 1101 983 1164; x_wconf 77' lang='lat' dir='ltr'>editione</span> <span class='ocrx_word' id='word_1_48' title='bbox 1000 1119 1024 1164; x_wconf 93' lang='lat' dir='ltr'>s.</span> <span class='ocrx_word' id='word_1_49' title='bbox 1043 1121 1071 1165; x_wconf 93' lang='lat' dir='ltr'>u.</span> <span class='ocrx_word' id='word_1_50' title='bbox 1090 1099 1256 1186; x_wconf 74' lang='lat' dir='ltr'>Magnus),</span> <span class='ocrx_word' id='word_1_51' title='bbox 1280 1117 1367 1184; x_wconf 88' lang='lat' dir='ltr'>quam</span> 
     </span>
     <span class='ocr_line' id='line_1_8' title="bbox 238 1205 1367 1288; baseline -0.002 -18"><span class='ocrx_word' id='word_1_52' title='bbox 238 1205 403 1288; x_wconf 90' lang='lat' dir='ltr'>epistulam</span> <span class='ocrx_word' id='word_1_53' title='bbox 427 1205 459 1270; x_wconf 93' lang='lat' dir='ltr'>in</span> <span class='ocrx_word' id='word_1_54' title='bbox 483 1206 588 1270; x_wconf 83' lang='lat' dir='ltr'>exsilio</span> <span class='ocrx_word' id='word_1_55' title='bbox 612 1205 761 1270; x_wconf 85' lang='lat' dir='ltr'>aFansto</span> <span class='ocrx_word' id='word_1_56' title='bbox 777 1205 927 1288; x_wconf 86' lang='lat' dir='ltr'>scriptam</span> <span class='ocrx_word' id='word_1_57' title='bbox 945 1209 976 1270; x_wconf 93' lang='lat' dir='ltr'>et</span> <span class='ocrx_word' id='word_1_58' title='bbox 990 1205 1118 1269; x_wconf 84' lang='lat' dir='ltr'>Arelate</span> <span class='ocrx_word' id='word_1_59' title='bbox 1141 1206 1272 1270; x_wconf 87' lang='lat' dir='ltr'>missam</span> <span class='ocrx_word' id='word_1_60' title='bbox 1296 1223 1367 1284; x_wconf 90' lang='lat' dir='ltr'>esse,</span> 
     </span>
     <span class='ocr_line' id='line_1_9' title="bbox 236 1307 1368 1393; baseline -0.001 -21"><span class='ocrx_word' id='word_1_61' title='bbox 236 1309 291 1373; x_wconf 92' lang='lat' dir='ltr'>ubi</span> <span class='ocrx_word' id='word_1_62' title='bbox 313 1310 441 1374; x_wconf 88' lang='lat' dir='ltr'>Leontio</span> <span class='ocrx_word' id='word_1_63' title='bbox 472 1311 614 1393; x_wconf 87' lang='lat' dir='ltr'>episcopo</span> <span class='ocrx_word' id='word_1_64' title='bbox 645 1329 720 1374; x_wconf 88' lang='lat' dir='ltr'>usne</span> <span class='ocrx_word' id='word_1_65' title='bbox 751 1314 800 1374; x_wconf 90' lang='lat' dir='ltr'>est</span> <span class='ocrx_word' id='word_1_66' title='bbox 823 1309 908 1374; x_wconf 82' lang='lat' dir='ltr'>Felix</span> <span class='ocrx_word' id='word_1_67' title='bbox 938 1313 1068 1392; x_wconf 92' lang='lat' dir='ltr'>patrono</span> <span class='ocrx_word' id='word_1_68' title='bbox 1100 1309 1153 1392; x_wconf 87' lang='lat' dir='ltr'>(ci.</span> <span class='ocrx_word' id='word_1_69' title='bbox 1169 1321 1199 1393; x_wconf 90' lang='lat' dir='ltr'>p.</span> <span class='ocrx_word' id='word_1_70' title='bbox 1218 1307 1291 1392; x_wconf 88' lang='lat'><strong>196,</strong></span> <span class='ocrx_word' id='word_1_71' title='bbox 1309 1307 1368 1391; x_wconf 83' lang='lat' dir='ltr'>lt),</span> 
     </span>
     <span class='ocr_line' id='line_1_10' title="bbox 238 1414 614 1497; baseline 0.005 -21"><span class='ocrx_word' id='word_1_72' title='bbox 238 1431 333 1496; x_wconf 86' lang='lat' dir='ltr'>supra</span> <span class='ocrx_word' id='word_1_73' title='bbox 354 1433 384 1497; x_wconf 92' lang='lat' dir='ltr'>p.</span> <span class='ocrx_word' id='word_1_74' title='bbox 401 1415 446 1478; x_wconf 87' lang='lat' dir='ltr'>XI</span> <span class='ocrx_word' id='word_1_75' title='bbox 470 1414 614 1478; x_wconf 85' lang='lat' dir='ltr'>diximus.</span> 
     </span>
    </p>

    <p class='ocr_par' dir='ltr' id='par_1_4' title="bbox 237 1516 1381 3689">
     <span class='ocr_line' id='line_1_11' title="bbox 280 1516 1369 1604; baseline -0.003 -22"><span class='ocrx_word' id='word_1_76' title='bbox 280 1518 458 1582; x_wconf 91' lang='lat' dir='ltr'>Dolendum</span> <span class='ocrx_word' id='word_1_77' title='bbox 481 1522 539 1599; x_wconf 90' lang='lat' dir='ltr'>est,</span> <span class='ocrx_word' id='word_1_78' title='bbox 563 1520 644 1601; x_wconf 91' lang='lat' dir='ltr'>quod</span> <span class='ocrx_word' id='word_1_79' title='bbox 667 1519 728 1582; x_wconf 91' lang='lat' dir='ltr'>alia</span> <span class='ocrx_word' id='word_1_80' title='bbox 749 1519 854 1582; x_wconf 82' lang='lat' dir='ltr'>Fausti</span> <span class='ocrx_word' id='word_1_81' title='bbox 878 1519 1004 1602; x_wconf 89' lang='lat' dir='ltr'>scripta,</span> <span class='ocrx_word' id='word_1_82' title='bbox 1028 1517 1107 1603; x_wconf 83' lang='lat' dir='ltr'>quia</span> <span class='ocrx_word' id='word_1_83' title='bbox 1129 1516 1265 1581; x_wconf 82' lang='lat' dir='ltr'>necdum</span> <span class='ocrx_word' id='word_1_84' title='bbox 1290 1517 1369 1604; x_wconf 72' lang='lat' dir='ltr'>lapid,</span> 
     </span>
     <span class='ocr_line' id='line_1_12' title="bbox 238 1623 1370 1706; baseline 0 -20"><span class='ocrx_word' id='word_1_85' title='bbox 238 1641 421 1686; x_wconf 88' lang='lat' dir='ltr'>enumerare</span> <span class='ocrx_word' id='word_1_86' title='bbox 443 1623 544 1687; x_wconf 91' lang='lat' dir='ltr'>noluit</span> <span class='ocrx_word' id='word_1_87' title='bbox 566 1623 757 1688; x_wconf 81' lang='lat' dir='ltr'>Gennadius.</span> <span class='ocrx_word' id='word_1_88' title='bbox 803 1641 883 1704; x_wconf 87' lang='lat' dir='ltr'>quae</span> <span class='ocrx_word' id='word_1_89' title='bbox 906 1627 1013 1687; x_wconf 90' lang='lat' dir='ltr'>autern</span> <span class='ocrx_word' id='word_1_90' title='bbox 1035 1627 1110 1687; x_wconf 91' lang='lat' dir='ltr'>sunt</span> <span class='ocrx_word' id='word_1_91' title='bbox 1132 1623 1209 1688; x_wconf 88' lang='lat' dir='ltr'>haec</span> <span class='ocrx_word' id='word_1_92' title='bbox 1238 1625 1370 1706; x_wconf 82' lang='lat' dir='ltr'>scripta?</span> 
     </span>
     <span class='ocr_line' id='line_1_13' title="bbox 238 1725 1371 1810; baseline 0 -21"><span class='ocrx_word' id='word_1_93' title='bbox 238 1743 317 1808; x_wconf 89' lang='lat' dir='ltr'>qnae</span> <span class='ocrx_word' id='word_1_94' title='bbox 341 1728 481 1808; x_wconf 88' lang='lat' dir='ltr'>quaestio</span> <span class='ocrx_word' id='word_1_95' title='bbox 505 1727 587 1791; x_wconf 91' lang='lat' dir='ltr'>haud</span> <span class='ocrx_word' id='word_1_96' title='bbox 611 1745 844 1810; x_wconf 88' lang='lat' dir='ltr'>superuacanea</span> <span class='ocrx_word' id='word_1_97' title='bbox 867 1731 925 1807; x_wconf 92' lang='lat' dir='ltr'>est,</span> <span class='ocrx_word' id='word_1_98' title='bbox 949 1745 1023 1792; x_wconf 90' lang='lat' dir='ltr'>nam</span> <span class='ocrx_word' id='word_1_99' title='bbox 1040 1726 1207 1810; x_wconf 88' lang='lat' dir='ltr'>significari</span> <span class='ocrx_word' id='word_1_100' title='bbox 1223 1725 1371 1792; x_wconf 91' lang='lat' dir='ltr'>Gennadii</span> 
     </span>
     <span class='ocr_line' id='line_1_14' title="bbox 238 1829 1371 1915; baseline 0.001 -22"><span class='ocrx_word' id='word_1_101' title='bbox 238 1829 341 1894; x_wconf 90' lang='lat' dir='ltr'>uerbis</span> <span class='ocrx_word' id='word_1_102' title='bbox 364 1835 466 1896; x_wconf 90' lang='lat' dir='ltr'>cetera</span> <span class='ocrx_word' id='word_1_103' title='bbox 488 1832 595 1896; x_wconf 90' lang='lat' dir='ltr'>omnia</span> <span class='ocrx_word' id='word_1_104' title='bbox 617 1832 724 1895; x_wconf 86' lang='lat' dir='ltr'>Fausti</span> <span class='ocrx_word' id='word_1_105' title='bbox 752 1832 876 1914; x_wconf 91' lang='lat' dir='ltr'>scripta,</span> <span class='ocrx_word' id='word_1_106' title='bbox 905 1849 984 1913; x_wconf 89' lang='lat' dir='ltr'>quae</span> <span class='ocrx_word' id='word_1_107' title='bbox 1007 1849 1026 1895; x_wconf 91' lang='lat' dir='ltr'>a</span> <span class='ocrx_word' id='word_1_108' title='bbox 1049 1830 1209 1896; x_wconf 89' lang='lat' dir='ltr'>Gennadio</span> <span class='ocrx_word' id='word_1_109' title='bbox 1235 1835 1371 1915; x_wconf 88' lang='lat' dir='ltr'>praeter·</span> 
     </span>
     <span class='ocr_line' id='line_1_15' title="bbox 237 1934 1371 2020; baseline 0 -22"><span class='ocrx_word' id='word_1_110' title='bbox 237 1935 334 2000; x_wconf 89' lang='lat' dir='ltr'>missa</span> <span class='ocrx_word' id='word_1_111' title='bbox 364 1934 454 2000; x_wconf 92' lang='lat' dir='ltr'>nobis</span> <span class='ocrx_word' id='word_1_112' title='bbox 479 1939 603 2000; x_wconf 89' lang='lat' dir='ltr'>seruata</span> <span class='ocrx_word' id='word_1_113' title='bbox 627 1939 710 2016; x_wconf 93' lang='lat' dir='ltr'>sunt,</span> <span class='ocrx_word' id='word_1_114' title='bbox 740 1936 915 2018; x_wconf 86' lang='lat' dir='ltr'>praelraote</span> <span class='ocrx_word' id='word_1_115' title='bbox 938 1936 1128 2018; x_wconf 89' lang='lat' dir='ltr'>negauerim.</span> <span class='ocrx_word' id='word_1_116' title='bbox 1174 1955 1210 2000; x_wconf 90' lang='lat' dir='ltr'>ac</span> <span class='ocrx_word' id='word_1_117' title='bbox 1236 1936 1371 2020; x_wconf 89' lang='lat' dir='ltr'>primum</span> 
     </span>
     <span class='ocr_line' id='line_1_16' title="bbox 237 2038 1372 2122; baseline 0.001 -20"><span class='ocrx_word' id='word_1_118' title='bbox 237 2039 363 2122; x_wconf 87' lang='lat' dir='ltr'>quidem</span> <span class='ocrx_word' id='word_1_119' title='bbox 387 2040 566 2104; x_wconf 90' lang='lat' dir='ltr'>mirandum</span> <span class='ocrx_word' id='word_1_120' title='bbox 590 2043 647 2120; x_wconf 90' lang='lat' dir='ltr'>est,</span> <span class='ocrx_word' id='word_1_121' title='bbox 671 2040 754 2121; x_wconf 91' lang='lat' dir='ltr'>quod</span> <span class='ocrx_word' id='word_1_122' title='bbox 773 2038 953 2106; x_wconf 86' lang='lat' dir='ltr'>Gennadius</span> <span class='ocrx_word' id='word_1_123' title='bbox 970 2040 1078 2104; x_wconf 90' lang='lat' dir='ltr'>Fausti</span> <span class='ocrx_word' id='word_1_124' title='bbox 1102 2057 1292 2104; x_wconf 89' lang='lat' dir='ltr'>sermones</span> <span class='ocrx_word' id='word_1_125' title='bbox 1315 2039 1372 2103; x_wconf 91' lang='lat' dir='ltr'>uel</span> 
     </span>
     <span class='ocr_line' id='line_1_17' title="bbox 237 2144 1373 2228; baseline -0.002 -20"><span class='ocrx_word' id='word_1_126' title='bbox 237 2144 415 2208; x_wconf 85' lang='lat' dir='ltr'>homilias</span> <span class='ocrx_word' id='word_1_127' title='bbox 439 2145 560 2208; x_wconf 90' lang='lat' dir='ltr'>silentio</span> <span class='ocrx_word' id='word_1_128' title='bbox 584 2145 803 2228; x_wconf 87' lang='lat' dir='ltr'>praetermisit,</span> <span class='ocrx_word' id='word_1_129' title='bbox 827 2163 904 2226; x_wconf 87' lang='lat' dir='ltr'>quas</span> <span class='ocrx_word' id='word_1_130' title='bbox 927 2162 990 2208; x_wconf 92' lang='lat' dir='ltr'>uno</span> <span class='ocrx_word' id='word_1_131' title='bbox 1013 2145 1107 2209; x_wconf 88' lang='lat' dir='ltr'>uerbo</span> <span class='ocrx_word' id='word_1_132' title='bbox 1130 2162 1373 2210; x_wconf 89' lang='lat' dir='ltr'>commemorare</span> 
     </span>
     <span class='ocr_line' id='line_1_18' title="bbox 237 2249 1374 2333; baseline 0 -21"><span class='ocrx_word' id='word_1_133' title='bbox 237 2252 370 2332; x_wconf 88' lang='lat' dir='ltr'>poterat,</span> <span class='ocrx_word' id='word_1_134' title='bbox 394 2249 518 2313; x_wconf 91' lang='lat' dir='ltr'>etiamsi</span> <span class='ocrx_word' id='word_1_135' title='bbox 541 2267 603 2313; x_wconf 93' lang='lat' dir='ltr'>non</span> <span class='ocrx_word' id='word_1_136' title='bbox 625 2250 755 2332; x_wconf 90' lang='lat' dir='ltr'>legerat,</span> <span class='ocrx_word' id='word_1_137' title='bbox 783 2268 877 2332; x_wconf 86' lang='lat' dir='ltr'>quern</span> <span class='ocrx_word' id='word_1_138' title='bbox 901 2249 939 2313; x_wconf 89' lang='lat' dir='ltr'>ad</span> <span class='ocrx_word' id='word_1_139' title='bbox 963 2249 1090 2313; x_wconf 92' lang='lat' dir='ltr'>modum</span> <span class='ocrx_word' id='word_1_140' title='bbox 1115 2249 1182 2314; x_wconf 93' lang='lat' dir='ltr'>aliis</span> <span class='ocrx_word' id='word_1_141' title='bbox 1205 2249 1282 2314; x_wconf 91' lang='lat' dir='ltr'>locis</span> <span class='ocrx_word' id='word_1_142' title='bbox 1305 2269 1374 2333; x_wconf 92' lang='lat' dir='ltr'>per-</span> 
     </span>
     <span class='ocr_line' id='line_1_19' title="bbox 237 2352 1374 2436; baseline 0 -20"><span class='ocrx_word' id='word_1_143' title='bbox 237 2353 344 2418; x_wconf 88' lang='lat' dir='ltr'>multis</span> <span class='ocrx_word' id='word_1_144' title='bbox 364 2352 447 2418; x_wconf 93' lang='lat' dir='ltr'>hunc</span> <span class='ocrx_word' id='word_1_145' title='bbox 467 2353 596 2417; x_wconf 89' lang='lat' dir='ltr'>illumne</span> <span class='ocrx_word' id='word_1_146' title='bbox 617 2354 799 2436; x_wconf 89' lang='lat' dir='ltr'>scriptorem</span> <span class='ocrx_word' id='word_1_147' title='bbox 820 2354 963 2418; x_wconf 90' lang='lat' dir='ltr'>homilias</span> <span class='ocrx_word' id='word_1_148' title='bbox 984 2355 1145 2436; x_wconf 89' lang='lat' dir='ltr'>scripsisse</span> <span class='ocrx_word' id='word_1_149' title='bbox 1161 2355 1264 2418; x_wconf 88' lang='lat' dir='ltr'>tradit.</span> <span class='ocrx_word' id='word_1_150' title='bbox 1299 2374 1374 2419; x_wconf 92' lang='lat' dir='ltr'>num</span> 
     </span>
     <span class='ocr_line' id='line_1_20' title="bbox 237 2457 1376 2541; baseline 0 -20"><span class='ocrx_word' id='word_1_151' title='bbox 237 2457 418 2541; x_wconf 90' lang='lat' dir='ltr'>putabimus</span> <span class='ocrx_word' id='word_1_152' title='bbox 450 2458 600 2539; x_wconf 87' lang='lat' dir='ltr'>epistulas</span> <span class='ocrx_word' id='word_1_153' title='bbox 632 2458 770 2522; x_wconf 90' lang='lat' dir='ltr'>minutas</span> <span class='ocrx_word' id='word_1_154' title='bbox 793 2476 812 2522; x_wconf 89' lang='lat' dir='ltr'>a</span> <span class='ocrx_word' id='word_1_155' title='bbox 835 2457 1002 2522; x_wconf 84' lang='lat' dir='ltr'>Gennadio</span> <span class='ocrx_word' id='word_1_156' title='bbox 1028 2464 1299 2540; x_wconf 88' lang='lat' dir='ltr'>commemoratas,</span> <span class='ocrx_word' id='word_1_157' title='bbox 1331 2461 1376 2522; x_wconf 90' lang='lat' dir='ltr'>tot</span> 
     </span>
     <span class='ocr_line' id='line_1_21' title="bbox 238 2562 1377 2644; baseline 0 -19"><span class='ocrx_word' id='word_1_158' title='bbox 238 2565 343 2625; x_wconf 87' lang='lat' dir='ltr'>autem</span> <span class='ocrx_word' id='word_1_159' title='bbox 359 2562 501 2626; x_wconf 89' lang='lat' dir='ltr'>homilias</span> <span class='ocrx_word' id='word_1_160' title='bbox 517 2563 633 2626; x_wconf 90' lang='lat' dir='ltr'>celatas</span> <span class='ocrx_word' id='word_1_161' title='bbox 650 2566 740 2626; x_wconf 80' lang='lat' dir='ltr'>esse?</span> <span class='ocrx_word' id='word_1_162' title='bbox 768 2579 861 2644; x_wconf 89' lang='lat' dir='ltr'>quarn</span> <span class='ocrx_word' id='word_1_163' title='bbox 878 2562 917 2626; x_wconf 83' lang='lat' dir='ltr'>ot</span> <span class='ocrx_word' id='word_1_164' title='bbox 933 2581 1010 2642; x_wconf 92' lang='lat' dir='ltr'>rem,</span> <span class='ocrx_word' id='word_1_165' title='bbox 1035 2562 1148 2644; x_wconf 91' lang='lat' dir='ltr'>siquid</span> <span class='ocrx_word' id='word_1_166' title='bbox 1172 2563 1273 2643; x_wconf 86' lang='lat' dir='ltr'>uideo,</span> <span class='ocrx_word' id='word_1_167' title='bbox 1298 2563 1377 2628; x_wconf 91' lang='lat' dir='ltr'>nihil</span> 
     </span>
     <span class='ocr_line' id='line_1_22' title="bbox 237 2665 1377 2748; baseline -0.001 -18"><span class='ocrx_word' id='word_1_168' title='bbox 237 2665 433 2748; x_wconf 86' lang='lat' dir='ltr'>relinquitur,</span> <span class='ocrx_word' id='word_1_169' title='bbox 465 2685 558 2748; x_wconf 86' lang='lat' dir='ltr'>quam</span> <span class='ocrx_word' id='word_1_170' title='bbox 589 2670 624 2730; x_wconf 93' lang='lat' dir='ltr'>ut</span> <span class='ocrx_word' id='word_1_171' title='bbox 654 2671 829 2730; x_wconf 88' lang='lat' dir='ltr'>statuamus</span> <span class='ocrx_word' id='word_1_172' title='bbox 860 2685 895 2730; x_wconf 89' lang='lat' dir='ltr'>eo</span> <span class='ocrx_word' id='word_1_173' title='bbox 926 2671 1076 2748; x_wconf 86' lang='lat' dir='ltr'>tempore,</span> <span class='ocrx_word' id='word_1_174' title='bbox 1107 2685 1167 2748; x_wconf 88' lang='lat' dir='ltr'>quo</span> <span class='ocrx_word' id='word_1_175' title='bbox 1195 2666 1377 2732; x_wconf 84' lang='lat' dir='ltr'>Gennadius</span> 
     </span>
     <span class='ocr_line' id='line_1_23' title="bbox 238 2770 1378 2854; baseline 0 -20"><span class='ocrx_word' id='word_1_176' title='bbox 238 2771 415 2854; x_wconf 86' lang='lat' dir='ltr'>catalogum</span> <span class='ocrx_word' id='word_1_177' title='bbox 445 2789 537 2834; x_wconf 91' lang='lat' dir='ltr'>suum</span> <span class='ocrx_word' id='word_1_178' title='bbox 568 2771 736 2834; x_wconf 86' lang='lat' dir='ltr'>coniecerit</span> <span class='ocrx_word' id='word_1_179' title='bbox 767 2773 821 2834; x_wconf 88' lang='lat' dir='ltr'>eut</span> <span class='ocrx_word' id='word_1_180' title='bbox 848 2771 980 2834; x_wconf 89' lang='lat' dir='ltr'>ediderit</span> <span class='ocrx_word' id='word_1_181' title='bbox 1007 2770 1040 2852; x_wconf 92' lang='lat' dir='ltr'>(i.</span> <span class='ocrx_word' id='word_1_182' title='bbox 1058 2789 1084 2834; x_wconf 93' lang='lat' dir='ltr'>e.</span> <span class='ocrx_word' id='word_1_183' title='bbox 1101 2788 1193 2850; x_wconf 91' lang='lat' dir='ltr'>anno,</span> <span class='ocrx_word' id='word_1_184' title='bbox 1224 2775 1378 2854; x_wconf 86' lang='lat' dir='ltr'>utsupra</span> 
     </span>
     <span class='ocr_line' id='line_1_24' title="bbox 238 2873 1377 2959; baseline -0.002 -21"><span class='ocrx_word' id='word_1_185' title='bbox 238 2896 267 2959; x_wconf 93' lang='lat' dir='ltr'>p.</span> <span class='ocrx_word' id='word_1_186' title='bbox 285 2875 331 2939; x_wconf 89' lang='lat' dir='ltr'>XI</span> <span class='ocrx_word' id='word_1_187' title='bbox 354 2875 600 2957; x_wconf 82' lang='lat' dir='ltr'>explenauimus,</span> <span class='ocrx_word' id='word_1_188' title='bbox 623 2873 710 2956; x_wconf 78' lang='lat'>480),</span> <span class='ocrx_word' id='word_1_189' title='bbox 741 2875 847 2938; x_wconf 88' lang='lat' dir='ltr'>Fausti</span> <span class='ocrx_word' id='word_1_190' title='bbox 878 2875 1022 2939; x_wconf 88' lang='lat' dir='ltr'>homilias</span> <span class='ocrx_word' id='word_1_191' title='bbox 1053 2875 1189 2938; x_wconf 93' lang='lat' dir='ltr'>nondum</span> <span class='ocrx_word' id='word_1_192' title='bbox 1218 2875 1250 2940; x_wconf 93' lang='lat' dir='ltr'>in</span> <span class='ocrx_word' id='word_1_193' title='bbox 1277 2895 1377 2940; x_wconf 91' lang='lat' dir='ltr'>unum</span> 
     </span>
     <span class='ocr_line' id='line_1_25' title="bbox 238 2977 1378 3062; baseline -0.002 -18"><span class='ocrx_word' id='word_1_194' title='bbox 238 2998 349 3062; x_wconf 90' lang='lat' dir='ltr'>corpus</span> <span class='ocrx_word' id='word_1_195' title='bbox 366 2979 463 3043; x_wconf 85' lang='lat' dir='ltr'>inisse</span> <span class='ocrx_word' id='word_1_196' title='bbox 478 2979 617 3044; x_wconf 87' lang='lat' dir='ltr'>redactas</span> <span class='ocrx_word' id='word_1_197' title='bbox 635 2983 666 3043; x_wconf 93' lang='lat' dir='ltr'>et</span> <span class='ocrx_word' id='word_1_198' title='bbox 682 2979 791 3059; x_wconf 89' lang='lat' dir='ltr'>editas,</span> <span class='ocrx_word' id='word_1_199' title='bbox 815 2997 1007 3061; x_wconf 88' lang='lat' dir='ltr'>quamquem</span> <span class='ocrx_word' id='word_1_200' title='bbox 1026 2977 1161 3044; x_wconf 92' lang='lat' dir='ltr'>libenter</span> <span class='ocrx_word' id='word_1_201' title='bbox 1177 2980 1378 3044; x_wconf 91' lang='lat' dir='ltr'>concedimus</span> 
     </span>
     <span class='ocr_line' id='line_1_26' title="bbox 239 3082 1378 3166; baseline -0.002 -18"><span class='ocrx_word' id='word_1_202' title='bbox 239 3103 333 3149; x_wconf 91' lang='lat' dir='ltr'>unarn</span> <span class='ocrx_word' id='word_1_203' title='bbox 364 3085 535 3148; x_wconf 87' lang='lat' dir='ltr'>alteramue</span> <span class='ocrx_word' id='word_1_204' title='bbox 565 3087 626 3148; x_wconf 92' lang='lat' dir='ltr'>iarn</span> <span class='ocrx_word' id='word_1_205' title='bbox 657 3085 813 3148; x_wconf 82' lang='lat' dir='ltr'>exstitisse</span> <span class='ocrx_word' id='word_1_206' title='bbox 843 3082 1043 3166; x_wconf 88' lang='lat' dir='ltr'>publicatam.</span> <span class='ocrx_word' id='word_1_207' title='bbox 1083 3087 1205 3166; x_wconf 90' lang='lat' dir='ltr'>poterat</span> <span class='ocrx_word' id='word_1_208' title='bbox 1234 3085 1312 3166; x_wconf 87' lang='lat' dir='ltr'>fieri,</span> <span class='ocrx_word' id='word_1_209' title='bbox 1345 3087 1378 3146; x_wconf 91' lang='lat' dir='ltr'>ut</span> 
     </span>
     <span class='ocr_line' id='line_1_27' title="bbox 239 3187 1379 3270; baseline 0 -18"><span class='ocrx_word' id='word_1_210' title='bbox 239 3193 293 3253; x_wconf 90' lang='lat' dir='ltr'>aut</span> <span class='ocrx_word' id='word_1_211' title='bbox 308 3189 441 3253; x_wconf 88' lang='lat' dir='ltr'>Faustus</span> <span class='ocrx_word' id='word_1_212' title='bbox 464 3193 536 3270; x_wconf 93' lang='lat' dir='ltr'>post</span> <span class='ocrx_word' id='word_1_213' title='bbox 559 3207 676 3252; x_wconf 88' lang='lat' dir='ltr'>annum</span> <span class='ocrx_word' id='word_1_214' title='bbox 691 3187 756 3252; x_wconf 86' lang='grc'>480</span> <span class='ocrx_word' id='word_1_215' title='bbox 779 3188 810 3252; x_wconf 92' lang='grc'>11</span> <span class='ocrx_word' id='word_1_216' title='bbox 826 3189 932 3252; x_wconf 79' lang='lat' dir='ltr'>exsilio</span> <span class='ocrx_word' id='word_1_217' title='bbox 948 3188 1145 3252; x_wconf 88' lang='lat' dir='ltr'>homiliarum</span> <span class='ocrx_word' id='word_1_218' title='bbox 1162 3189 1379 3254; x_wconf 89' lang='lat' dir='ltr'>collectionem</span> 
     </span>
     <span class='ocr_line' id='line_1_28' title="bbox 238 3292 1379 3376; baseline -0.001 -20"><span class='ocrx_word' id='word_1_219' title='bbox 238 3292 355 3374; x_wconf 88' lang='lat' dir='ltr'>publici</span> <span class='ocrx_word' id='word_1_220' title='bbox 377 3293 452 3356; x_wconf 90' lang='lat' dir='ltr'>iuris</span> <span class='ocrx_word' id='word_1_221' title='bbox 476 3293 592 3358; x_wconf 86' lang='lat' dir='ltr'>iaceret</span> <span class='ocrx_word' id='word_1_222' title='bbox 614 3297 669 3356; x_wconf 87' lang='lat' dir='ltr'>aut</span> <span class='ocrx_word' id='word_1_223' title='bbox 689 3293 804 3356; x_wconf 90' lang='lat' dir='ltr'>Fausto</span> <span class='ocrx_word' id='word_1_224' title='bbox 828 3292 954 3356; x_wconf 92' lang='lat' dir='ltr'>demum</span> <span class='ocrx_word' id='word_1_225' title='bbox 978 3296 1100 3357; x_wconf 92' lang='lat' dir='ltr'>mortuo</span> <span class='ocrx_word' id='word_1_226' title='bbox 1124 3293 1317 3376; x_wconf 86' lang='lat' dir='ltr'>nescioquis</span> <span class='ocrx_word' id='word_1_227' title='bbox 1342 3293 1379 3356; x_wconf 93' lang='lat' dir='ltr'>iis</span> 
     </span>
     <span class='ocr_line' id='line_1_29' title="bbox 240 3396 1379 3480; baseline -0.001 -20"><span class='ocrx_word' id='word_1_228' title='bbox 240 3397 366 3460; x_wconf 87' lang='lat' dir='ltr'>edendis</span> <span class='ocrx_word' id='word_1_229' title='bbox 382 3415 509 3480; x_wconf 88' lang='lat' dir='ltr'>operam</span> <span class='ocrx_word' id='word_1_230' title='bbox 525 3398 622 3477; x_wconf 90' lang='lat' dir='ltr'>daret,</span> <span class='ocrx_word' id='word_1_231' title='bbox 643 3397 674 3460; x_wconf 93' lang='lat' dir='ltr'>id</span> <span class='ocrx_word' id='word_1_232' title='bbox 691 3401 774 3460; x_wconf 89' lang='lat' dir='ltr'>certe</span> <span class='ocrx_word' id='word_1_233' title='bbox 790 3397 868 3460; x_wconf 90' lang='lat' dir='ltr'>mihi</span> <span class='ocrx_word' id='word_1_234' title='bbox 883 3400 1025 3461; x_wconf 88' lang='lat' dir='ltr'>constare</span> <span class='ocrx_word' id='word_1_235' title='bbox 1042 3397 1163 3460; x_wconf 92' lang='lat' dir='ltr'>uidetur</span> <span class='ocrx_word' id='word_1_236' title='bbox 1178 3396 1379 3462; x_wconf 91' lang='lat' dir='ltr'>Gennadium</span> 
     </span>
     <span class='ocr_line' id='line_1_30' title="bbox 240 3500 1381 3584; baseline 0 -20"><span class='ocrx_word' id='word_1_237' title='bbox 240 3519 275 3564; x_wconf 92' lang='lat' dir='ltr'>eo</span> <span class='ocrx_word' id='word_1_238' title='bbox 298 3505 448 3583; x_wconf 88' lang='lat' dir='ltr'>tempore,</span> <span class='ocrx_word' id='word_1_239' title='bbox 472 3519 532 3583; x_wconf 90' lang='lat' dir='ltr'>quo</span> <span class='ocrx_word' id='word_1_240' title='bbox 553 3502 590 3564; x_wconf 91' lang='lat' dir='ltr'>de</span> <span class='ocrx_word' id='word_1_241' title='bbox 607 3501 714 3564; x_wconf 86' lang='lat' dir='ltr'>Fausti</span> <span class='ocrx_word' id='word_1_242' title='bbox 734 3500 879 3584; x_wconf 87' lang='lat' dir='ltr'>operibus</span> <span class='ocrx_word' id='word_1_243' title='bbox 899 3501 1034 3583; x_wconf 87' lang='lat' dir='ltr'>scripsit,</span> <span class='ocrx_word' id='word_1_244' title='bbox 1058 3519 1238 3564; x_wconf 89' lang='lat' dir='ltr'>sermonum</span> <span class='ocrx_word' id='word_1_245' title='bbox 1255 3501 1381 3566; x_wconf 87' lang='lat' dir='ltr'>Fausti-</span> 
     </span>
     <span class='ocr_line' id='line_1_31' title="bbox 240 3605 1278 3689; baseline 0 -19"><span class='ocrx_word' id='word_1_246' title='bbox 240 3623 350 3670; x_wconf 92' lang='lat' dir='ltr'>norum</span> <span class='ocrx_word' id='word_1_247' title='bbox 374 3605 543 3670; x_wconf 91' lang='lat' dir='ltr'>editionem</span> <span class='ocrx_word' id='word_1_248' title='bbox 566 3623 628 3669; x_wconf 92' lang='lat' dir='ltr'>non</span> <span class='ocrx_word' id='word_1_249' title='bbox 652 3605 786 3685; x_wconf 89' lang='lat' dir='ltr'>nouisse,</span> <span class='ocrx_word' id='word_1_250' title='bbox 809 3605 906 3669; x_wconf 91' lang='lat' dir='ltr'>immo</span> <span class='ocrx_word' id='word_1_251' title='bbox 929 3623 1021 3669; x_wconf 88' lang='lat' dir='ltr'>nosse</span> <span class='ocrx_word' id='word_1_252' title='bbox 1045 3624 1107 3669; x_wconf 95' lang='lat' dir='ltr'>non</span> <span class='ocrx_word' id='word_1_253' title='bbox 1129 3605 1278 3689; x_wconf 91' lang='lat' dir='ltr'>potuisse.</span> 
     </span>
    </p>

    <p class='ocr_par' dir='ltr' id='par_1_5' title="bbox 150 3708 1384 4418">
     <span class='ocr_line' id='line_1_32' title="bbox 283 3708 1382 3792; baseline -0.004 -18"><span class='ocrx_word' id='word_1_254' title='bbox 283 3709 369 3790; x_wconf 81' lang='lat' dir='ltr'>Quae</span> <span class='ocrx_word' id='word_1_255' title='bbox 392 3729 463 3774; x_wconf 91' lang='lat' dir='ltr'>cum</span> <span class='ocrx_word' id='word_1_256' title='bbox 487 3710 531 3774; x_wconf 88' lang='lat' dir='ltr'>ita</span> <span class='ocrx_word' id='word_1_257' title='bbox 553 3710 625 3790; x_wconf 87' lang='lat' dir='ltr'>sint,</span> <span class='ocrx_word' id='word_1_258' title='bbox 653 3710 714 3773; x_wconf 93' lang='lat' dir='ltr'>iam</span> <span class='ocrx_word' id='word_1_259' title='bbox 738 3709 905 3791; x_wconf 90' lang='lat' dir='ltr'>quaeritur,</span> <span class='ocrx_word' id='word_1_260' title='bbox 934 3727 1012 3790; x_wconf 88' lang='lat' dir='ltr'>quae</span> <span class='ocrx_word' id='word_1_261' title='bbox 1035 3708 1144 3772; x_wconf 88' lang='lat' dir='ltr'>Fausti</span> <span class='ocrx_word' id='word_1_262' title='bbox 1172 3710 1290 3792; x_wconf 87' lang='lat' dir='ltr'>scripta</span> <span class='ocrx_word' id='word_1_263' title='bbox 1311 3730 1382 3771; x_wconf 82' lang='lat' dir='ltr'>nec-</span> 
     </span>
     <span class='ocr_line' id='line_1_33' title="bbox 150 3811 1382 3900; baseline -0.001 -23"><span class='ocrx_word' id='word_1_264' title='bbox 150 3883 152 3890; x_wconf 61' lang='grc'>,</span> <span class='ocrx_word' id='word_1_265' title='bbox 241 3813 318 3877; x_wconf 85' lang='lat' dir='ltr'>dnm</span> <span class='ocrx_word' id='word_1_266' title='bbox 343 3812 454 3900; x_wconf 78' lang='lat' dir='ltr'>deperit</span> <span class='ocrx_word' id='word_1_267' title='bbox 469 3813 659 3880; x_wconf 83' lang='lat' dir='ltr'>Gennadius</span> <span class='ocrx_word' id='word_1_268' title='bbox 696 3813 839 3895; x_wconf 91' lang='lat' dir='ltr'>equidem</span> <span class='ocrx_word' id='word_1_269' title='bbox 862 3813 967 3876; x_wconf 89' lang='lat' dir='ltr'>nullus</span> <span class='ocrx_word' id='word_1_270' title='bbox 991 3811 1108 3892; x_wconf 90' lang='lat' dir='ltr'>dubito,</span> <span class='ocrx_word' id='word_1_271' title='bbox 1133 3813 1208 3894; x_wconf 92' lang='lat' dir='ltr'>quin</span> <span class='ocrx_word' id='word_1_272' title='bbox 1224 3813 1382 3878; x_wconf 90' lang='lat' dir='ltr'>illereli-</span> 
     </span>
     <span class='ocr_line' id='line_1_34' title="bbox 240 3915 1384 4002; baseline -0.002 -20"><span class='ocrx_word' id='word_1_273' title='bbox 240 3937 330 4001; x_wconf 89' lang='lat' dir='ltr'>qnas</span> <span class='ocrx_word' id='word_1_274' title='bbox 354 3919 539 4002; x_wconf 89' lang='lat' dir='ltr'>epistulas</span> <span class='ocrx_word' id='word_1_275' title='bbox 563 3937 581 3982; x_wconf 90' lang='lat' dir='ltr'>a</span> <span class='ocrx_word' id='word_1_276' title='bbox 605 3937 637 3981; x_wconf 92' lang='lat' dir='ltr'>se</span> <span class='ocrx_word' id='word_1_277' title='bbox 658 3917 797 3981; x_wconf 92' lang='lat' dir='ltr'>nondum</span> <span class='ocrx_word' id='word_1_278' title='bbox 814 3921 1002 3980; x_wconf 88' lang='lat' dir='ltr'>memoratas</span> <span class='ocrx_word' id='word_1_279' title='bbox 1019 3916 1123 3980; x_wconf 88' lang='lat' dir='ltr'>uerbis</span> <span class='ocrx_word' id='word_1_280' title='bbox 1139 3917 1207 3980; x_wconf 89' lang='lat' dir='ltr'>istis</span> <span class='ocrx_word' id='word_1_281' title='bbox 1224 3915 1384 4000; x_wconf 87' lang='lat' dir='ltr'>designet,</span> 
     </span>
     <span class='ocr_line' id='line_1_35' title="bbox 240 4021 1383 4106; baseline -0.003 -18"><span class='ocrx_word' id='word_1_282' title='bbox 240 4041 318 4106; x_wconf 89' lang='lat' dir='ltr'>quas</span> <span class='ocrx_word' id='word_1_283' title='bbox 341 4022 430 4086; x_wconf 93' lang='lat' dir='ltr'>titulo</span> <span class='ocrx_word' id='word_1_284' title='bbox 454 4025 595 4086; x_wconf 88' lang='lat' dir='ltr'>carentes</span> <span class='ocrx_word' id='word_1_285' title='bbox 620 4021 646 4086; x_wconf 91' lang='lat' dir='ltr'>si</span> <span class='ocrx_word' id='word_1_286' title='bbox 670 4039 852 4084; x_wconf 87' lang='lat' dir='ltr'>enumerare</span> <span class='ocrx_word' id='word_1_287' title='bbox 881 4021 989 4100; x_wconf 93' lang='lat' dir='ltr'>uoluit,</span> <span class='ocrx_word' id='word_1_288' title='bbox 1020 4021 1122 4084; x_wconf 88' lang='lat' dir='ltr'>iacere</span> <span class='ocrx_word' id='word_1_289' title='bbox 1153 4038 1215 4084; x_wconf 91' lang='lat' dir='ltr'>non</span> <span class='ocrx_word' id='word_1_290' title='bbox 1245 4025 1383 4104; x_wconf 87' lang='lat' dir='ltr'>poterat,</span> 
     </span>
     <span class='ocr_line' id='line_1_36' title="bbox 241 4123 1384 4210; baseline -0.002 -18"><span class='ocrx_word' id='word_1_291' title='bbox 241 4128 315 4210; x_wconf 91' lang='lat' dir='ltr'>quin</span> <span class='ocrx_word' id='word_1_292' title='bbox 337 4127 521 4210; x_wconf 88' lang='lat' dir='ltr'>perlegeret.</span> <span class='ocrx_word' id='word_1_293' title='bbox 560 4126 686 4190; x_wconf 88' lang='lat' dir='ltr'>maioris</span> <span class='ocrx_word' id='word_1_294' title='bbox 710 4127 815 4188; x_wconf 92' lang='lat' dir='ltr'>autem</span> <span class='ocrx_word' id='word_1_295' title='bbox 839 4125 929 4188; x_wconf 89' lang='lat' dir='ltr'>molis</span> <span class='ocrx_word' id='word_1_296' title='bbox 953 4142 1030 4206; x_wconf 88' lang='lat' dir='ltr'>opus</span> <span class='ocrx_word' id='word_1_297' title='bbox 1054 4123 1161 4207; x_wconf 91' lang='lat' dir='ltr'>procul</span> <span class='ocrx_word' id='word_1_298' title='bbox 1184 4124 1278 4190; x_wconf 90' lang='lat' dir='ltr'>dubio</span> <span class='ocrx_word' id='word_1_299' title='bbox 1294 4123 1384 4190; x_wconf 90' lang='lat' dir='ltr'>Gen·</span> 
     </span>
     <span class='ocr_line' id='line_1_37' title="bbox 240 4227 1383 4312; baseline -0.002 -18"><span class='ocrx_word' id='word_1_300' title='bbox 240 4231 361 4311; x_wconf 90' lang='lat' dir='ltr'>nadius,</span> <span class='ocrx_word' id='word_1_301' title='bbox 378 4229 499 4294; x_wconf 85' lang='lat' dir='ltr'>etiamsi</span> <span class='ocrx_word' id='word_1_302' title='bbox 515 4246 577 4292; x_wconf 92' lang='lat' dir='ltr'>non</span> <span class='ocrx_word' id='word_1_303' title='bbox 589 4229 727 4312; x_wconf 86' lang='lat' dir='ltr'>legisset,</span> <span class='ocrx_word' id='word_1_304' title='bbox 744 4231 1030 4307; x_wconf 87' lang='lat' dir='ltr'>commemorasset,</span> <span class='ocrx_word' id='word_1_305' title='bbox 1048 4227 1299 4310; x_wconf 87' lang='lat' dir='ltr'>quandoquidem</span> <span class='ocrx_word' id='word_1_306' title='bbox 1311 4232 1383 4292; x_wconf 87' lang='lat' dir='ltr'>tarn</span> 
     </span>
     <span class='ocr_line' id='line_1_38' title="bbox 241 4319 1383 4418; baseline 0.002 -22"><span class='ocrx_word' id='word_1_307' title='bbox 241 4334 420 4418; x_wconf 88' lang='lat' dir='ltr'>diligentem</span> <span class='ocrx_word' id='word_1_308' title='bbox 444 4352 477 4397; x_wconf 91' lang='lat' dir='ltr'>se</span> <span class='ocrx_word' id='word_1_309' title='bbox 500 4334 668 4417; x_wconf 85' lang='lat' dir='ltr'>praestitit,</span> <span class='ocrx_word' id='word_1_310' title='bbox 691 4337 727 4398; x_wconf 94' lang='lat' dir='ltr'>ut</span> <span class='ocrx_word' id='word_1_311' title='bbox 750 4319 983 4416; x_wconf 74' lang='lat' dir='ltr'>etiam&#39;scripta</span> <span class='ocrx_word' id='word_1_312' title='bbox 1007 4332 1115 4396; x_wconf 85' lang='lat' dir='ltr'>Fausti</span> <span class='ocrx_word' id='word_1_313' title='bbox 1139 4333 1261 4396; x_wconf 87' lang='lat' dir='ltr'>minora</span> <span class='ocrx_word' id='word_1_314' title='bbox 1280 4334 1383 4398; x_wconf 90' lang='lat' dir='ltr'>ueluti</span> 
     </span>
    </p>
   </div>
   <div class='ocr_carea' id='block_1_3' title="bbox 0 0 1474 4928">
    <p class='ocr_par' dir='ltr' id='par_1_6' title="bbox 0 0 1474 4928">
     <span class='ocr_line' id='line_1_39' title="bbox 0 0 1474 4928; baseline 0 0"><span class='ocrx_word' id='word_1_315' title='bbox 0 0 1474 4928; x_wconf 95' lang='lat' dir='ltr'> </span> 
     </span>
    </p>
   </div>
  </div>
 </body>
</html>
