2924 4924
535 401 599 456 1111.
618 403 726 458 Sermo
744 407 768 460 2.
1154 407 1215 474 231

82 579 155 642 ries
185 577 325 658 filium,
354 595 416 643 non
438 577 605 644 cuiuslibet
632 579 735 644 meriti
756 581 926 662 hominem,
954 583 1008 647 sed
1030 585 1125 649 totius
1149 604 1220 650 sae-

82 683 142 748 culi
165 683 365 748 saluatorem.
396 702 446 764 ne,
468 684 579 766 inquit,
602 684 725 764 timeas,
749 685 836 750 abice
852 704 871 750 a
886 689 917 752 te
940 705 1065 752 omnem
1088 693 1218 771 metum,

82 807 162 872 quae
182 789 297 853 saeculi
320 791 507 872 conceptura
529 807 562 852 es
578 789 736 872 gaudium.
771 791 907 872 reuolue,
930 791 1040 873 Maria,
1062 795 1219 878 propheti·

83 913 152 958 cam
182 893 359 958 lectionem.
398 911 499 976 neque
529 894 613 958 enim
641 897 672 958 te
703 895 832 960 scientia
862 896 1036 960 diuinorum
1068 898 1219 964 librorum

82 1001 188 1083 potest
210 998 388 1081 praeterire,
413 1015 491 1080 quae
511 997 612 1081 ipsam
635 999 860 1081 plenitudinem
882 1003 1011 1084 partura
1034 1019 1066 1066 es
1089 1004 1220 1087 prophe·
1245 1023 1266 1072 s·

84 1109 198 1170 tarum.
244 1103 344 1167 recole
371 1103 404 1168 in
431 1102 509 1167 libro
532 1102 641 1167 Esaiae
669 1104 836 1188 prophetae
864 1105 1027 1188 uirginem,
1055 1125 1149 1188 quam
1176 1109 1220 1172 le-

82 1209 167 1294 gisti,
193 1211 224 1272 et
245 1207 356 1292 gaude,
379 1207 452 1290 quia
474 1211 508 1271 tu
537 1227 580 1288 es,
608 1227 676 1272 esse
699 1209 851 1272 meruisti.
896 1213 930 1273 tu
953 1209 996 1273 ibi
1023 1212 1221 1296 praesignata

83 1333 115 1378 es
140 1314 240 1398 uirgo.
279 1315 313 1377 tu
336 1331 407 1377 ecce
430 1311 584 1395 concipies
607 1313 639 1376 in
662 1316 748 1376 utero
772 1331 833 1376 non
857 1313 894 1376 de
918 1313 995 1394 uiro,
1019 1315 1073 1378 sed
1096 1315 1134 1379 de
1158 1317 1221 1400 spi-

83 1421 145 1486 ritu
169 1421 278 1484 sancto
306 1422 337 1482 et
358 1417 487 1502 gramda
517 1417 578 1482 eris
606 1420 637 1480 et
662 1417 907 1482 incontaminata
936 1418 1088 1499 masobia,
1119 1421 1220 1503 paries

83 1524 185 1590 lilium
209 1528 241 1587 ct
262 1523 452 1606 uirginitatis
475 1541 537 1588 non
560 1521 687 1606 patieris
710 1521 940 1586 detrimentum.
976 1524 1083 1588 atille
1106 1525 1220 1606 inquit:
1248 1553 1273 1592 no

83 1647 169 1694 ecce
193 1628 332 1694 ancilla
355 1627 493 1692 domini
517 1645 610 1708 sum,
637 1627 707 1690 fiat
729 1626 819 1690 mihi
842 1627 1044 1690 secundum
1068 1629 1220 1692 uerbum

84 1739 199 1798 tuum.
238 1749 309 1796 mox
331 1731 424 1815 igitur
447 1732 575 1814 angelus
599 1731 730 1814 uirginis
753 1735 879 1812 accepto
902 1749 1054 1795 consensu
1078 1733 1221 1796 caelestis

83 1837 221 1922 regionis
248 1837 365 1902 incolas
388 1837 534 1919 repetiuit
561 1839 593 1900 et
619 1853 689 1899 ecce
712 1835 815 1900 subito
838 1838 992 1899 secretum
1021 1836 1149 1919 uirginis
1174 1836 1221 1900 in-

83 1941 218 2006 effabilis
241 1941 380 2024 potentia
395 1942 579 2024 penetrauit.
609 1941 705 2005 intrat
720 1939 830 2004 artifex
847 1939 955 2004 muudi
970 1941 1130 2024 angustias
1146 1959 1222 2005 uen-

83 2049 140 2112 tris
164 2048 304 2128 humani‚
332 2045 463 2110 efficitur
489 2045 619 2130 grauida
640 2049 741 2109 mater
768 2045 886 2109 intacta
914 2048 946 2108 et
968 2063 1038 2108 ecce
1061 2049 1221 2126 tamqnam
1249 2073 1274 2114 1⁵

84 2171 221 2238 sponsus
252 2153 291 2216 de
320 2152 458 2216 thalamo
489 2168 545 2215 suo
575 2150 694 2214 Mariae
722 2149 863 2214 Christus
895 2149 1032 2233 procedit
1059 2167 1095 2214 en
1125 2154 1222 2214 utere.

83 2260 261 2325 occultatur
280 2257 313 2322 in
329 2255 478 2322 membris
494 2255 622 2320 infantis
643 2255 783 2339 potentia
803 2255 987 2335 maiestatis,
1011 2254 1086 2318 deus
1109 2255 1224 2338 pendet

83 2366 122 2430 ad
147 2363 258 2443 ubera,
280 2379 455 2445 pannorum
478 2361 589 2424 uilium
610 2361 751 2442 squalere
772 2359 955 2443 contegitur,
979 2359 1137 2423 durissimi
1160 2359 1225 2424 suf-

82 2471 146 2536 lert
169 2469 329 2552 praesepis
352 2465 512 2550 angustias
541 2469 573 2529 et
594 2469 696 2529 totum
718 2465 892 2540 misericors
915 2464 1075 2528 humiliter
1097 2463 1223 2547 patitur,

83 2574 256 2640 dnmmodo
280 2572 426 2652 mundus,
449 2571 503 2653 qui
526 2571 669 2654 perierat,
692 2569 885 2633 liberaretur.
1249 2597 1275 2636 20

128 2679 269 2744 Obeata
289 2677 432 2756 infantia,
455 2694 509 2759 per
532 2692 626 2757 quam
651 2673 748 2738 nestri
771 2673 894 2756 generis
917 2673 982 2736 uita
1002 2677 1050 2736 est
1072 2677 1225 2756 reparata,

83 2805 101 2850 o
116 2783 293 2870 gratissimi
317 2779 576 2862 delectabilesque
596 2779 732 2862 uagituS,
755 2797 810 2860 per
826 2796 903 2859 quos
919 2777 1066 2842 stridores
1083 2776 1224 2841 dentium

82 2896 296 2974 paternosquc
318 2886 457 2972 ploratus
480 2884 649 2964 educimus,
676 2902 694 2946 o
717 2883 823 2946 felices
846 2882 951 2964 panni,
979 2881 1090 2962 quibus
1117 2899 1226 2964 pecca-

83 3003 194 3062 torum
222 2993 328 3058 sordes
351 2990 546 3070 extersimus,
574 3006 591 3052 o
614 3005 763 3072 praesepe
791 2985 997 3070 splendidum,
1025 2986 1056 3049 in
1080 3001 1140 3067 quo
1163 3003 1226 3050 non

84 3102 184 3166 iacuit
210 3099 336 3162 foenum
362 3095 559 3173 animalium,
588 3093 642 3156 sed
669 3091 756 3156 cibus
784 3092 930 3155 inuentus
958 3093 1007 3154 est
1033 3089 1225 3174 angelorum.
1253 3116 1278 3156 es

84 3209 181 3286 lacta,
205 3203 316 3282 Maria,
339 3203 512 3265 creatorem
528 3203 627 3277 tuum,
651 3197 732 3261 lacta
747 3213 861 3279 panem
877 3195 964 3276 caeli,
988 3195 1070 3258 lacta
1092 3194 1226 3278 pretium

84 3309 209 3388 mundi,
237 3306 350 3391 praebe
373 3304 523 3370 lambenti
551 3301 769 3382 mammillam,
796 3305 831 3364 ut
857 3319 912 3384 pro
934 3304 965 3364 te
993 3299 1058 3381 ipsc
1080 3297 1228 3382 praebeat

83 3413 325 3500 percutientise
347 3411 516 3489 maxillam,
540 3407 695 3472 nutriatur
710 3406 812 3470 infans
835 3409 959 3469 tuorum
983 3403 1114 3468 uberum
1136 3403 1227 3484 lacte,

84 3527 121 3586 ut
146 3519 271 3586 iuuenis
294 3516 425 3600 accipiat
447 3514 527 3580 aceti
549 3511 742 3596 potationem
764 3527 819 3594 pro
842 3513 883 3574 te.
923 3509 1026 3572 lerant
1049 3527 1120 3572 eum
1144 3526 1228 3572 nunc

196 3737 224 3808 6]
243 3735 277 3792 cl.
291 3735 360 3789 Esai.
374 3737 398 3800 7,
413 3737 453 3790 rt.
508 3733 551 3802 ll]
571 3731 633 3786 Luc.
649 3734 672 3796 l,
684 3733 726 3786 38.

130 3939 265 4010 2inquid
284 3940 313 3994 D
373 3936 461 3990 abiece
481 3937 509 3990 D
565 3937 650 4002 3que
669 3934 698 3986 D
755 3935 839 3998 5que
859 3931 888 3984 D
946 3927 1069 3998 desaige
1087 3927 1117 3980 D
1169 3939 1229 3994 prc-

84 4035 172 4105 phgte
195 4031 224 4086 D
276 4031 348 4082 lan
366 4042 393 4080 es
411 4025 552 4080 &marre
570 4039 629 4078 cam
642 4021 735 4090 Aac?
788 4017 956 4086 praesignata
974 4031 1001 4070 es
1019 4017 1100 4084 Aug,
1117 4013 1177 4084 pter
1195 4011 1229 4064 si·

84 4125 188 4192 gnatas
207 4117 236 4172 D
288 4115 540 4182 9incontampnata
559 4111 588 4165 D
641 4111 674 4165 lt)
692 4107 837 4162 emimontu
856 4106 885 4160 D
938 4101 1031 4171 inquid
1051 4103 1080 4156 D
1138 4101 1170 4156 13
1189 4099 1229 4152 iu·

85 4209 162 4264 celas
187 4207 294 4275 scripsi,
318 4201 405 4256 incola
422 4201 459 4269 D,
482 4198 583 4254 accolas
606 4199 676 4268 Aug.
741 4197 773 4251 14
791 4191 941 4263 penetrauit
960 4191 1039 4260 Aug,
1058 4185 1183 4256 repetiuit
1201 4185 1231 4239 D

86 4293 238 4366 anguntias
257 4293 286 4348 D
349 4293 379 4347 17
402 4287 495 4358 pendit
518 4287 546 4341 D
610 4289 641 4342 18
664 4282 781 4336 scudere
801 4283 829 4336 D
891 4281 925 4334 22
951 4273 1114 4330 dilectabilea
1132 4289 1182 4343 que
1202 4271 1231 4326 D

86 4388 122 4442 23
142 4383 265 4454 plorantes
284 4381 312 4434 D
374 4376 520 4450 suescimus
543 4377 572 4431 D
638 4375 671 4428 aa
699 4367 840 4440 spelndidd
865 4369 894 4424 D
959 4365 993 4422 26
1016 4363 1178 4416 cracatcrem
1202 4359 1231 4414 D
