2920 4930
273 387 314 451 ’18
736 389 757 441 I.
777 389 821 442 De
840 388 950 456 gratia

316 563 404 644 Quod
427 563 452 628 si
475 564 514 628 ad
536 564 623 628 illam
646 564 803 628 exterioris
826 563 961 628 heminis
985 565 1119 646 speeiem
1142 564 1267 628 formati
1290 582 1397 640 sumus,

272 669 303 732 in
324 669 410 732 euius
431 668 581 732 membris
601 668 698 748 uisae,
719 669 853 747 auditus,
873 671 995 750 gustus,
1015 668 1159 732 odoratus
1180 671 1212 732 et
1232 670 1335 732 taetus
1350 669 1397 744 est,

271 772 345 854 quid
368 773 426 836 erit
447 773 572 837 honoris
595 775 649 836 ant
670 772 802 856 gratiae,
830 773 855 836 si
882 771 919 836 de
945 772 1000 836 illa
1021 772 1241 854 participemus
1263 771 1397 854 imagine,

271 894 365 958 quarn
395 875 484 940 nobis
516 896 552 940 er
579 881 667 959 parte
697 876 834 942 maxima
863 893 1062 940 communem
1092 876 1207 940 seimus
1238 893 1306 940 esse
1336 892 1396 938 cnm

231 1007 243 1047 s
268 981 396 1062 pecude.
439 981 544 1064 grauis
567 999 639 1065 erge
663 998 770 1045 eorum
793 999 877 1046 error
900 984 957 1060 est,
980 981 1034 1062 qui
1057 980 1248 1046 arbitrantur
1269 979 1396 1063 primun

269 1085 429 1148 hominem
452 1086 538 1150 iuxta
560 1085 663 1166 illum,
689 1085 741 1168 qui
764 1089 829 1150 erat
852 1085 1024 1150 sumendus
1048 1103 1083 1148 er
1106 1085 1222 1164 Maria,
1246 1084 1284 1148 ab
1307 1085 1397 1148 ineer-

268 1207 363 1271 perea
396 1189 536 1253 trinitate
571 1191 774 1271 conpositum.
836 1207 940 1272 neque⁸
969 1189 1052 1252 enim
1082 1191 1170 1272 pater
1200 1189 1252 1252 uel
1282 1187 1396 1270 spiritus

269 1297 397 1358 sanetus
419 1299 507 1358 ueste
530 1295 631 1358 earnis
655 1298 686 1359 et
708 1295 819 1360 habitu
842 1298 910 1358 erat
931 1293 1065 1358 hominis
1092 1293 1281 1373 induendus,
1310 1297 1345 1356 ut
1364 1289 1396 1354 ad

269 1397 334 1462 eius
361 1399 450 1480 quasi
476 1399 516 1462 ad
542 1399 687 1484 imaginis
715 1417 790 1464 suae
817 1399 954 1481 speeiem
982 1416 1018 1462 ae
1045 1398 1198 1462 facturam
1228 1398 1322 1481 primi
1349 1397 1398 1460 ho·

216 1529 241 1568 re
268 1502 361 1566 minis
381 1503 572 1567 lineamenta
597 1504 774 1586 disponeret
800 1521 836 1568 aa
863 1501 1007 1568 membra
1032 1503 1212 1584 plasmaret,
1240 1507 1275 1566 ut
1301 1503 1397 1585 posset

268 1606 384 1670 dicere:
407 1607 558 1672 faciamus
574 1607 734 1674 hominem
750 1607 790 1672 ad
805 1607 974 1691 imaginem
993 1611 1025 1670 et
1045 1605 1290 1686 similitudinem,
1311 1622 1396 1688 quam

268 1711 423 1793 sumpturi
446 1731 555 1775 sumus
579 1731 615 1775 ex
637 1712 696 1775 hae
719 1713 847 1795 uirgine.
894 1711 1022 1792 ideoque
1052 1729 1088 1774 er
1111 1709 1236 1774 deitatis
1260 1710 1397 1774 similitu-

267 1813 338 1878 dine
361 1815 531 1896 deriuatur,
555 1815 705 1897 quidquid
731 1814 851 1880 homini
873 1816 997 1880 trinitas
1018 1815 1052 1878 in
1074 1831 1241 1878 commune
1263 1814 1395 1896 largitur.

267 1937 324 1983 nee
354 1920 398 1984 sia
428 1920 554 2002 quidem
584 1920 703 2002 primus
733 1919 826 1985 home
857 1919 986 1984 secundi
1008 1918 1095 1983 Adae
1126 1919 1300 2002 suscepisse
1326 1919 1397 1982 ima·

215 2053 239 2092 rs
265 2023 372 2107 giuem
396 2025 455 2089 diei
477 2027 593 2106 posset,
617 2025 710 2088 etiam
734 2025 760 2088 si
783 2023 864 2088 filius
888 2023 937 2088 dei
960 2023 1045 2088 solus
1068 2023 1228 2087 hominem
1251 2021 1397 2086 condidis-

266 2130 324 2191 set.
362 2146 434 2192 eum
457 2147 532 2192 uero
556 2128 644 2192 unita
665 2128 787 2192 trinitas
811 2127 907 2192 dieat:
937 2127 1121 2191 faciamus
1148 2125 1331 2190 hominem
1358 2123 1396 2188 ed

265 2231 467 2315 imaginem
497 2237 533 2296 et
562 2231 855 2297 similitudinem
886 2235 1066 2310 nostram,
1100 2231 1213 2313 plurali
1245 2230 1397 2314 singulare

266 2339 298 2400 et
322 2336 473 2420 singulari
495 2337 616 2419 plurale
638 2336 840 2418 permiscens,
864 2337 1038 2400 etiterum:
1063 2338 1098 2400 et
1119 2335 1210 2400 feeit
1232 2335 1321 2398 deus
1343 2335 1397 2398 he

267 2440 402 2504 minem
425 2441 469 2504 ad
491 2441 692 2524 imaginem
716 2443 751 2504 et
774 2439 1065 2504 similitudinem
1095 2457 1212 2520 suam,
1244 2439 1287 2502 ad
1315 2439 1397 2502 ima-

214 2572 240 2612 se
265 2544 389 2626 ginem
413 2545 470 2608 dei
494 2545 585 2609 feeit
608 2545 730 2624 illum,
753 2545 867 2608 totiens
890 2544 969 2627 legis
992 2543 1153 2607 hominem
1175 2543 1215 2607 ad
1233 2543 1398 2627 imaginem

265 2648 313 2711 dei
339 2648 502 2712 eonditum
532 2653 564 2713 et
592 2667 655 2731 qua
687 2649 870 2712 austeritate
900 2652 1008 2712 eontra
1038 2647 1143 2711 diuina
1165 2648 1287 2730 eloquia
1312 2664 1398 2729 prae-

265 2753 362 2816 sumis
394 2770 531 2816 asserere
561 2753 648 2816 iuxta
677 2753 761 2816 serni
790 2753 923 2816 termam
952 2752 1048 2816 luisse
1075 2752 1292 2834 conpositum?
1330 2767 1397 2814 eum

265 2875 338 2940 ergo
365 2857 469 2940 imago
495 2857 573 2921 haee
596 2875 614 2921 a
636 2861 724 2940 patre
748 2860 779 2920 et
800 2855 864 2920 filie
888 2860 919 2920 et
941 2859 1049 2920 sanate
1076 2855 1187 2937 spiritu
1214 2855 1397 2930 conseratur,

264 2979 338 3024 suae
361 2960 479 3043 absque
502 2960 595 3026 dubio
619 2963 714 3026 trium
736 2977 939 3044 personarum
962 2978 1026 3024 una
1047 2959 1196 3024 diuinitas
1223 2959 1322 3044 primo
1347 2960 1398 3022 he-

211 3093 237 3133 rs
265 3065 343 3129 ruini
365 3084 440 3130 suae
463 3066 609 3149 imaginis
633 3065 742 3130 tribuit
764 3065 956 3149 dignitatem.

306 3167 392 3249 Quae
415 3188 487 3234 eum
513 3171 558 3234 ita
585 3171 657 3250 sint,
688 3170 790 3234 inesse
818 3170 934 3234 homini
961 3169 1035 3233 lieet
1062 3169 1264 3232 adtenuatam
1291 3169 1399 3232 uolun-

206 3287 207 3292 ’
262 3273 337 3338 tatis
358 3274 498 3357 propriae
518 3274 695 3338 libertatem
717 3275 846 3338 minime
870 3273 1035 3360 dubitabis
1059 3273 1084 3336 si
1104 3273 1239 3356 primam
1255 3273 1398 3356 gratiam,

262 3395 325 3458 qua
354 3396 373 3442 a
403 3378 459 3441 dee
490 3382 539 3443 est
567 3379 746 3458 honoratus,
777 3379 956 3461 inspexeris.
995 3379 1100 3461 image
1131 3395 1204 3461 erge
1235 3377 1284 3440 dei
1305 3377 1398 3441 hemo

262 3482 384 3562 dieitur,
407 3483 480 3564 quia
503 3484 530 3546 ei
554 3483 751 3567 indulgenter
773 3501 809 3546 ae
832 3483 998 3566 dignanter
1021 3483 1153 3546 inseruit
1175 3483 1292 3546 ueritas
1311 3481 1398 3544 iusti-

210 3613 235 3654 se
261 3587 354 3668 tiam,
384 3587 462 3651 ratio
493 3587 695 3669 sapientiam,
725 3588 905 3670 perennitas
936 3587 1162 3650 aeternitatem.
1201 3587 1238 3649 de
1264 3587 1399 3669 imagine

365 3784 410 3853 16]
430 3783 495 3839 Gen.
516 3786 539 3850 1,
551 3787 593 3840 26.
653 3784 697 3854 18]
716 3784 782 3840 (ten.
803 3788 826 3850 1,
839 3787 880 3841 27.

304 3962 438 4027 lnequae
451 3960 479 4014 P
529 3958 598 4014 9ad
616 3976 696 4014 om.v
751 3963 783 4014 10
800 3957 997 4014 liniamenlaP
1047 3963 1136 4028 posset
1153 3961 1261 4030 scripsi,
1279 3959 1402 4032 possitP

262 4049 294 4101 12
311 4046 361 4098 hae
373 4047 485 4112 correxi,
504 4045 554 4098 hoe
566 4047 599 4112 P,
618 4064 669 4100 om.
683 4064 699 4100 v
746 4045 912 4114 ideoquaeP
960 4048 991 4101 13
1010 4045 1179 4100 diriuaturP
1226 4051 1258 4104 15
1277 4049 1362 4117 possit
1377 4048 1402 4100 P

262 4137 293 4188 19
312 4133 457 4201 imaginem
476 4135 503 4186 et
520 4150 606 4188 om.v
658 4135 690 4188 21
711 4133 796 4201 quiP
846 4136 879 4188 22
898 4135 1062 4204 assellrereP
1111 4136 1145 4190 23
1164 4134 1261 4204 spiritu
1280 4139 1402 4189 sanetae

258 4247 293 4300 al
311 4261 373 4300 suae
396 4263 446 4301 oar.
460 4263 476 4300 e
529 4245 643 4314 absquae
666 4247 694 4299 P
743 4248 776 4300 27
800 4246 928 4300 minimae
945 4248 974 4303 P
1023 4247 1192 4314 sequier>
1244 4215 1358 4302 hdfatus
1376 4249 1403 4303 P

258 4332 338 4386 homo
356 4350 442 4388 omn
