2886 4928
494 443 545 500 111.
564 443 716 513 Epistula
734 447 758 498 9.
1129 443 1192 508 213

81 615 149 682 daona
172 621 289 686 nonin
312 619 447 702 eorporis
470 637 646 702 personam,
669 621 724 684 sed
746 619 778 684 in
795 619 892 684 animi
906 621 1039 686 formam
1055 620 1193 686 sollertia

81 721 182 788 iaotoris
208 723 365 808 inpressit.

110 825 211 893 Uirum
241 829 392 912 spiritalia
414 832 446 894 et
467 827 572 894 diuina
600 828 790 912 cogitantem
821 828 949 896 tristitia
974 845 1037 894 non
1059 829 1192 913 frangat,

78 929 173 998 laetitia
188 951 250 998 non
264 933 411 1014 resoluat,
435 932 609 998 stabilitum
635 933 667 998 in
691 933 802 998 timore
825 933 875 998 dei
897 936 1005 1017 peetus
1029 934 1192 1018 magnani-

79 1035 146 1102 nitas
176 1037 373 1120 aequalitatis
405 1038 559 1118 ostendat,
582 1041 618 1102 ut
645 1040 677 1102 et
703 1037 793 1102 nobis
820 1039 957 1121 coaptari
980 1039 1079 1122 possit
1096 1038 1193 1104 libelli
1231 1065 1244 1108 e

78 1137 139 1205 ilius
162 1141 286 1226 insigne
308 1141 507 1225 principium,
530 1140 584 1206 ubi
606 1141 657 1206 ille
677 1141 1028 1226 magnifionslleloana,
1052 1143 1104 1224 qui
1122 1159 1193 1224 pos-

78 1245 155 1310 sessio
179 1245 229 1310 dei
251 1246 483 1330 interpretatur,
510 1246 558 1310 uir
580 1265 660 1310 unus
684 1247 814 1329 mystico
838 1251 1036 1330 nunonpatur
1058 1247 1192 1329 eloquio:

77 1353 149 1430 erat,
180 1349 291 1432 inquit,
322 1351 378 1414 uir
408 1368 517 1430 unus,
547 1349 606 1414 hoo
629 1353 677 1415 est
699 1368 822 1434 semper
844 1351 936 1431 idem,
967 1352 1039 1434 qnia
1061 1351 1137 1416 nihil
1160 1351 1192 1418 in

77 1467 101 1513 oo
113 1454 278 1538 apparebat
293 1453 432 1536 dubium,
456 1453 534 1520 nihil
550 1455 673 1537 duplex,
690 1454 767 1518 nihil
783 1455 914 1536 uarium,
930 1455 1007 1520 nihil
1022 1455 1192 1536 diuersum,

76 1557 115 1620 sad
141 1577 214 1623 enm
247 1559 279 1623 in
309 1561 393 1624 statu
423 1559 575 1623 uirtutum
610 1559 794 1624 innonousso
821 1558 926 1624 ordine
956 1563 1193 1642 permanentem
1220 1584 1245 1626 ιο

76 1663 234 1728 suadentia
265 1663 297 1727 in
334 1663 523 1728 eontrarium
554 1681 615 1728 non
645 1661 825 1744 mouebant,
860 1662 1024 1729 mutabilia
1053 1667 1194 1748 tempora

75 1781 120 1830 non
141 1767 320 1848 mutabant,
343 1785 400 1832 neo
423 1786 506 1848 eum,
529 1771 565 1832 nt
586 1767 714 1832 marinis
737 1765 883 1832 ductibus
905 1769 998 1832 moris
1020 1771 1077 1849 est,
1100 1767 1133 1832 in
1149 1769 1193 1832 al·

74 1871 160 1937 tenas
182 1875 288 1956 partes
310 1872 393 1937 leuia
414 1876 581 1936 uentorum
600 1871 699 1936 dabra
720 1870 899 1936 uersabant.
932 1872 978 1938 ita
993 1875 1024 1936 et
1039 1871 1192 1936 souioirus

74 1971 109 2039 dei
128 1977 265 2041 famulus
292 1980 384 2041 uasta
410 1976 482 2042 fidei
509 1977 591 2040 mole
614 1976 761 2041 fundatus
784 1977 816 2040 in
839 1976 897 2040 hoo
923 1979 1048 2042 tantum
1071 1974 1193 2042 Christo

73 2075 95 2142 in
120 2099 151 2146 se
181 2083 327 2165 operante
350 2085 498 2161 mutetur,
529 2083 564 2144 nt
586 2082 675 2146 nonis
699 2099 822 2164 semper
844 2080 952 2164 gratiis
975 2080 1132 2161 induatur,
1159 2080 1191 2146 in
1218 2104 1244 2146 re

72 2197 130 2266 agro
152 2185 284 2270 peotoris
307 2186 487 2269 plantentur
509 2185 610 2268 utilia,
633 2184 724 2249 noxia
747 2184 954 2250 suooidantnr.
995 2187 1026 2250 et
1046 2185 1118 2266 qnia
1132 2184 1192 2249 mi·

71 2284 161 2354 litibus
185 2290 250 2354 suis
270 2289 429 2373 praecepit
448 2306 550 2354 sermo
573 2288 712 2354 diuinus:
736 2307 830 2370 enm,
853 2289 963 2371 inquit,
987 2288 1030 2352 ad
1052 2287 1193 2354 bellum

71 2395 285 2472 processeris
316 2399 352 2458 et
379 2393 478 2459 inter
507 2393 673 2476 reliquas
704 2393 862 2475 praedae
893 2393 1048 2476 petieris
1079 2393 1192 2476 uirgi-

71 2513 151 2579 nem,
181 2499 352 2564 absoides
381 2516 524 2582 ungues
555 2503 591 2561 et
621 2497 743 2562 orines
774 2499 852 2562 eius
884 2501 919 2562 et
943 2498 996 2563 ita
1019 2515 1097 2562 eam
1120 2497 1191 2562 tibi

69 2603 226 2686 ooningio
249 2601 456 2686 copulabis,
478 2602 524 2667 ita
545 2620 602 2668 nos
626 2601 664 2666 ad
684 2605 827 2666 sanetum
844 2599 959 2667 Christi
975 2602 1085 2666 timore
1100 2619 1191 2686 prae·
1217 2629 1244 2670 ro

69 2704 147 2771 sinoti
168 2707 367 2790 prudentiam
391 2707 517 2786 saeculi,
541 2723 620 2788 qnae
643 2705 783 2789 simplex,
814 2706 1002 2789 incorrupta,
1031 2706 1150 2770 sineera
1173 2723 1192 2772 a

68 2807 114 2873 deo
142 2811 224 2876 laeta
254 2815 313 2892 est,
342 2811 502 2895 captiuam
531 2809 679 2892 spiritalis
710 2809 881 2892 sapientiae
905 2808 1131 2894 subiungamns
1155 2827 1191 2874 ao

68 2915 212 2998 superflua
234 2916 300 2981 eius
323 2915 491 2999 amputatis
513 2915 598 2980 uitiis
622 2913 819 2980 abscidamus
835 2917 867 2978 et
881 2914 999 2997 peotori
1014 2916 1102 2979 easta
1117 2931 1191 2980 oon-

67 3015 212 3086 iunotione
235 3019 400 3086 sociemus.

102 3122 182 3190 Ante
204 3124 320 3206 omnia,
350 3125 383 3189 in
407 3127 560 3208 qnantum
584 3123 750 3189 adiuuante
774 3123 830 3188 deo
852 3139 1030 3206 possumne,
1059 3123 1131 3188 illas
1158 3123 1190 3189 in
1217 3149 1250 3191 sa·

66 3226 145 3292 nobis
168 3229 322 3294 debellare
346 3247 491 3293 curemus
515 3229 651 3311 quinque
674 3245 824 3293 sensuum
839 3227 1009 3311 passiones.
1045 3227 1192 3310 quiequid

65 3331 140 3396 enim
169 3333 357 3416 pulchresoit
385 3333 470 3414 nisu,
502 3333 648 3416 quioquid
682 3332 840 3397 blanditur
870 3331 1009 3412 odoratu,
1043 3331 1191 3415 quioquid

158 3565 187 3636 s]
207 3568 220 3622 1
240 3565 304 3636 aeg.
319 3567 342 3632 1,
357 3569 379 3624 1.
436 3566 478 3636 rr]
498 3565 577 3620 neue.
591 3567 633 3630 er,
647 3566 755 3622 ro-re.

102 3785 113 3838 l
132 3783 250 3839 solleroia
269 3785 292 3841 S
354 3787 371 3840 4
389 3783 619 3854 magnanimitatis
638 3782 786 3852 aequalitas
802 3783 957 3839 Knsacbiue
974 3785 1033 3840 ooli.
1045 3801 1072 3853 p.
1086 3787 1144 3851 198,
1158 3789 1193 3840 18

64 3867 237 3928 lmistiooS
296 3871 467 3940 8inquidS
529 3873 558 3926 11
579 3868 816 3925 commonebanto
875 3873 907 3926 la
926 3869 1034 3924 marinis
1053 3869 1190 3939 ductibus]

65 3957 159 4024 magns
176 3957 351 4014 uirtutibuso
404 3961 436 4014 14
455 3957 524 4012 mole
542 3957 632 4013 fideiu
687 3960 718 4012 15
737 3959 892 4012 mutatura
944 3953 1035 4012 noitS
1088 3957 1119 4012 17
1131 3972 1191 4025 pre-

64 4041 170 4110 capus
244 4045 339 4114 inquid
362 4047 385 4102 S
460 4047 491 4102 18
515 4043 613 4114 praeda
635 4043 744 4114 speciest!
767 4045 790 4100 S
810 4043 917 4114 (pecierit
940 4045 1002 4114 lapid
1027 4045 1191 4111 Koounos)

66 4127 93 4180 19
110 4129 271 4188 abscindeso
322 4135 356 4188 20
369 4132 415 4202 ad]
434 4137 465 4186 nt
477 4133 631 4188 Kanebion
683 4131 848 4202 prooinotiS
899 4133 931 4188 21
950 4131 1036 4198 ques
1086 4131 1119 4185 22
1138 4130 1190 4200 spi·

64 4211 141 4270 ritulis
157 4221 262 4290 scripsi,
281 4219 395 4290 spiritali
415 4221 437 4276 S
506 4219 698 4288 subiungamue
717 4237 740 4286 o,
764 4217 948 4286 subiungimus
969 4217 997 4286 S,
1019 4215 1190 4285 subingamus

66 4299 202 4361 Momm
241 4305 499 4363 23absoindamuso
539 4309 670 4376 pectoreo
705 4309 805 4360 oasam
817 4305 1029 4360 coniunctionem
1040 4305 1190 4360 Moosorseu

64 4389 221 4449 remunetion
241 4395 264 4452 S
326 4396 360 4452 26
379 4411 500 4450 curamus
518 4411 542 4466 o,
558 4409 693 4450 curremus
708 4393 891 4450 SKruscbius
955 4393 987 4448 27
1001 4389 1192 4464 pulchrisaitS
