2924 4924
535 455 599 512 1111.
619 457 728 512 Sermo
746 459 788 514 21.
1167 457 1229 524 307

92 632 257 697 Beniamin
273 633 441 698 auferendo
456 633 555 716 ipsius
570 634 668 716 patris
685 635 733 698 sui
749 634 910 718 angustias
934 633 1115 698 cumularit.
1154 634 1231 698 haec

91 737 186 817 enim,
217 737 330 802 tratres
360 738 523 818 carissimi,
554 738 581 802 si
611 737 745 802 fideliter
776 738 991 818 adtendamus,
1023 756 1094 802 cum
1119 738 1232 822 grandi

90 841 303 906 misericordia
337 841 499 906 dominum
533 841 645 906 fecisse
676 859 911 925 cognoscamus.
952 841 990 906 ab
1025 843 1112 906 initio
1147 843 1230 906 enim

89 945 201 1010 mundi
223 946 256 1010 in
271 946 389 1010 sanctis
406 945 543 1010 exercuit
557 947 645 1026 dana,
670 946 751 1029 quod
767 947 799 1010 in
814 946 907 1010 beato
923 945 1015 1010 Iacob
1032 964 1104 1010 cum
1120 947 1231 1030 grandi

89 1049 208 1131 pietate
231 1049 398 1132 conpleuit.
946 1054 951 1064 ’
1269 1079 1282 1117 c

134 1153 196 1218 Sed
225 1153 284 1217 hoc
314 1173 409 1236 quare
440 1155 481 1219 sit
511 1155 645 1235 iactum,
680 1154 845 1239 diligenter
875 1155 1042 1219 adtendite.
1085 1155 1231 1237 quamuis

89 1259 176 1322 enim
207 1259 289 1322 serui
317 1262 349 1322 et
371 1259 462 1323 amici
485 1259 534 1322 dci
557 1259 704 1342 capitalia
725 1259 857 1323 crimina
879 1259 1050 1323 uitauerint
1073 1262 1104 1322 et
1131 1260 1232 1323 multa

88 1379 186 1446 opera
215 1362 298 1427 bona
326 1363 468 1444 iecerint,
498 1367 606 1428 tamen
637 1365 703 1428 sine
734 1364 863 1428 minutis
893 1365 1029 1445 peccatis
1053 1381 1104 1428 eos
1134 1364 1232 1428 fuisse

89 1485 153 1532 non
170 1466 337 1547 credimus,
358 1468 507 1550 quianon
528 1468 679 1532 ment'tur
695 1468 758 1548 ille,
778 1468 831 1550 qui
847 1469 936 1532 dixit:
961 1485 1031 1532 non
1055 1471 1112 1532 est
1135 1469 1232 1532 enim

89 1571 258 1635 inmunis
289 1590 308 1635 a
336 1575 488 1653 peccato
519 1591 584 1635 nec
615 1571 757 1652 infans,
792 1573 896 1636 ouius
932 1575 988 1636 ost
1017 1572 1128 1635 unius
1158 1572 1232 1635 diei
1260 1599 1285 1637 n

88 1676 170 1740 uita
206 1693 272 1738 sua
305 1694 416 1758 super
446 1679 595 1740 terram.
635 1680 666 1740 et
695 1676 805 1740 beatus
837 1676 994 1740 Iohannes
1026 1677 1231 1759 euangelista,

88 1781 143 1861 qui
174 1779 282 1861 utique
313 1780 431 1844 meritis
462 1799 524 1844 non
548 1784 614 1844 erat
636 1781 762 1844 inferior
785 1785 894 1844 sancto
917 1779 983 1860 Iob,
1014 1779 1171 1844 clamabat
1201 1783 1232 1843 et

88 1883 182 1946 dicit:
207 1884 238 1946 si
260 1883 475 1947 dixerimus:
499 1887 655 1966 peccata
677 1901 748 1947 non
771 1884 963 1963 habemus,
991 1884 1063 1966 ipsi
1086 1902 1152 1947 nos
1175 1884 1232 1947 de-

87 1989 250 2069 cipimus
274 1991 310 2050 et
333 1987 473 2052 ueritas
496 1988 532 2051 in
555 1987 662 2051 nobis
685 2005 755 2051 non
780 1991 851 2068 est,
884 1991 916 2052 et
937 1987 1024 2066 illud,
1052 1988 1134 2070 quod
1158 1987 1233 2051 alibi

88 2093 244 2174 scriptum
274 2095 336 2155 est:
369 2092 492 2155 iustus
524 2093 664 2174 septies
695 2093 731 2155 in
763 2091 821 2155 die
851 2091 952 2155 cadit
987 2095 1023 2154 ot
1056 2092 1230 2175 resurgit.
1260 2117 1284 2157 n

88 2197 175 2278 quia,
205 2197 287 2259 sicut
310 2213 383 2278 ergo
405 2197 468 2260 iam
500 2196 616 2260 dictum
647 2201 705 2276 est,
737 2197 804 2260 sine
836 2196 903 2259 istis
935 2196 1065 2260 minutis
1095 2196 1232 2277 peccatis

88 2298 186 2364 Iacob
211 2319 280 2364 esee
302 2317 365 2363 non
387 2301 499 2382 potuit,
523 2301 632 2364 uolens
653 2301 728 2364 deus
744 2317 843 2383 parua
857 2303 986 2383 peccata
1001 2301 1033 2363 in
1049 2300 1108 2364 hoc
1124 2303 1232 2364 sancto

89 2404 303 2469 tribulationis
326 2405 398 2488 igne
421 2423 605 2469 consumere
628 2405 729 2487 inplet
751 2405 783 2468 in
807 2423 852 2485 eo,
877 2404 958 2487 quod
981 2404 1049 2486 ipse
1071 2423 1127 2486 per
1143 2404 1233 2487 spiri-

88 2513 161 2573 tum
185 2513 331 2572 sanctum
354 2509 443 2572 dixit:
475 2525 565 2572 uasa
593 2509 704 2592 siguli
735 2509 867 2591 probat
898 2509 1027 2572 lornax
1058 2512 1094 2571 et
1120 2508 1233 2572 homi-

89 2632 157 2677 nes
188 2613 309 2677 iustos
339 2614 539 2695 temptatio
569 2611 846 2692 tribulationis,
877 2616 909 2676 et
932 2613 1023 2676 illud:
1055 2612 1234 2695 flagellat
1259 2637 1286 2676 eo

88 2718 184 2780 dens
208 2734 353 2780 omnem
375 2717 511 2796 lilium,
536 2735 642 2798 quem
666 2717 810 2800 diligit,
834 2721 866 2780 et
888 2717 979 2780 illud:
1007 2735 1071 2798 per
1095 2717 1233 2780 multas

87 2821 363 2886 tribulationes
394 2825 542 2902 oportet
572 2839 636 2884 nos
667 2821 811 2884 intrare
842 2821 878 2884 in
908 2839 1062 2904 ragnum
1093 2820 1158 2883 dei.
1198 2823 1234 2883 ut

88 2945 168 3010 ergo
190 2929 335 2990 sanctum
359 2924 451 2989 Iacob
475 2925 551 2988 deus
575 2929 681 2989 noster
704 2925 792 2988 uelut
815 2943 927 2988 aurum
943 2927 1112 3006 purgatum
1128 2924 1233 2987 luturo

87 3030 206 3094 iudicio
228 3033 453 3111 praesentarat,
483 3030 569 3111 prins
593 3029 632 3092 ab
656 3029 709 3092 illo
732 3047 841 3093 omnes
865 3028 1004 3091 maculas
1035 3032 1233 3110 peccatorum

87 3134 254 3214 abstersit,
284 3139 320 3198 ut
342 3134 373 3197 in
397 3151 433 3197 co
456 3133 539 3216 ignis
570 3133 621 3196 ille
652 3133 778 3212 arbiter,
806 3133 887 3215 quod
916 3135 1067 3210 exureret,
1094 3131 1233 3195 inuenire
1261 3157 1286 3198 u

87 3257 155 3302 non
180 3243 296 3321 posset.

135 3343 170 3408 Si
186 3342 353 3425 diligenter
368 3341 586 3422 adtendamus,
610 3343 722 3406 iratres
738 3341 902 3420 carissimi,
918 3341 1000 3423 quod
1016 3358 1091 3424 erga
1105 3340 1234 3404 beatum

87 3445 189 3512 Iacob
223 3446 317 3510 deum
341 3447 453 3510 fecisse
476 3447 642 3526 credimus,
673 3446 731 3510 hcc
762 3445 855 3510 etiam
878 3445 990 3526 loseph
1014 3446 1094 3508 circa
1122 3444 1234 3508 fratres

199 3611 228 3680 s]
241 3609 289 3664 10u
304 3613 344 3674 15,
359 3613 398 3666 15.
437 3609 615 3679 13]lIoanu.
628 3612 685 3674 aa.
724 3609 767 3680 15]
781 3609 859 3663 arou.
873 3611 915 3672 24,
930 3611 969 3664 rs.
1008 3608 1051 3678 19]
1066 3607 1144 3662 neeri.
1158 3611 1234 3672 aas.

85 3699 137 3768 eo]
158 3697 242 3752 neor.
257 3699 298 3762 12,
311 3699 335 3752 a.
389 3697 435 3766 21]
456 3697 513 3750 Aoo.
529 3700 570 3760 14,
582 3699 624 3752 er.

136 3853 290 3910 lbaiamin
308 3853 337 3908 D
406 3853 531 3922 angustia
549 3855 579 3908 D
648 3851 871 3907 3mieoricordissi
892 3853 923 3906 D
992 3850 1130 3906 dominum
1154 3852 1235 3921 Aug,

83 3949 137 4023 dni
164 3967 196 4022 D
265 3965 351 4021 tlsad
369 3965 388 4036 lli
405 3967 435 4022 D
457 3967 527 4033 (erat
549 3965 576 4020 in
599 3967 630 4020 ia
652 3967 718 4032 ras.)
787 3965 946 4019 loremina
963 3965 993 4020 D
1062 3929 1189 4017 uitauerii
1207 3965 1237 4018 D

82 4054 336 4124 §lamponem
401 4057 434 4109 10
452 4053 567 4107 inmunis
586 4053 616 4108 D
686 4052 729 4124 dia
748 4053 777 4108 D
849 4055 878 4108 ll
900 4052 954 4105 uita
973 4053 1003 4106 D
1066 4050 1188 4104 iohannis
1207 4051 1236 4105 D

81 4140 202 4210 euuang
220 4141 250 4195 D
303 4139 432 4196 121aoob
451 4141 523 4211 Aug.
578 4139 759 4210 clamatdug.
810 4141 841 4194 14
855 4137 918 4192 alibi
937 4137 1003 4192 illud
1023 4153 1041 4206 q
1058 4139 1088 4192 D
1142 4140 1173 4192 17
1192 4135 1236 4190 sm

82 4231 125 4300 D,
147 4227 339 4298 saeculodug.
395 4229 428 4284 18
446 4227 569 4296 impleuit
580 4229 652 4297 Aac.
706 4229 741 4282 20
759 4225 914 4294 flagillatD
967 4227 999 4280 22
1013 4223 1193 4278 tribulationis
1207 4225 1236 4279 D

80 4320 120 4374 23
142 4313 304 4386 purgatum]
323 4315 351 4368 in
370 4315 433 4370 odd.
447 4316 518 4385 Aug.
590 4317 623 4370 24
642 4316 823 4383 praesentaret
840 4315 921 4384 Aac,
940 4314 1043 4381 usurae
1060 4313 1090 4367 D
1140 4315 1174 4366 25
1193 4327 1236 4366 ex·

80 4405 183 4460 mmo
202 4403 284 4473 Auo,
302 4403 427 4470 exuperat
444 4403 474 4456 D
526 4403 662 4472 adpossit
680 4402 710 4457 D

1029 4488 1080 4538 20*
