2924 4924
508 447 572 506 IIII.
593 451 701 508 Sermo
719 451 828 511 20—21.
1170 453 1233 524 305

96 627 151 709 qui
174 643 229 710 pro
252 625 321 692 luce
344 627 500 710 tenebrae,
531 649 586 713 pro
608 631 802 715 benignitate
826 632 990 714 malitiam,
1021 633 1072 717 qui
1100 653 1154 718 pro
1183 655 1233 701 so·

96 733 230 798 brietate
261 733 454 815 ebrietatem,
488 753 543 818 pro
574 736 753 820 elimosynis
784 739 998 820 rapacitatem,
1032 757 1087 821 pro
1116 742 1233 805 iustitIa

96 838 296 920 imquitatem
319 839 467 903 restituit.

142 941 200 1021 Qui
224 961 297 1025 ergo
320 943 397 1007 haec
420 943 504 1008 mala
525 944 692 1010 adiuuante
716 947 841 1011 domino
861 951 967 1012 nostro
986 947 1076 1034 (non)
1096 949 1232 1030 admisit,

96 1064 229 1110 munera
251 1047 283 1110 in
307 1065 351 1127 se,
374 1051 526 1128 qnantum
549 1052 662 1131 potest,
685 1051 792 1114 diuina
814 1052 977 1116 custodiat.
1016 1053 1068 1134 qui
1089 1071 1162 1116 uero
1181 1054 1230 1116 his
1258 1087 1271 1127 5

96 1151 190 1214 malis
225 1171 259 1215 se
294 1153 391 1216 sentit
426 1153 593 1217 obnoxium
627 1158 658 1218 et
687 1155 844 1238 intellegit
873 1155 1066 1237 obuolutum,
1101 1157 1163 1221 cito
1193 1159 1232 1221 ad

94 1255 306 1338 paenitentiae
340 1257 570 1321 medicamenta
602 1263 741 1323 recurrat
770 1263 810 1340 ot,
845 1264 1014 1342 antequam
1045 1263 1150 1326 anima
1178 1261 1233 1326 illa

95 1359 265 1424 tenebrosa
287 1361 324 1424 de
347 1379 473 1444 corpore
496 1363 604 1426 mortis
628 1381 702 1427 suae
725 1363 873 1444 discedat,
897 1366 1087 1448 elimosynis,
1110 1366 1232 1430 ieiuniis

94 1469 130 1527 et
151 1463 343 1529 orationibus
366 1467 538 1530 remedium
562 1467 622 1530 sibi
644 1468 675 1531 in
700 1469 748 1531 die
772 1469 965 1533 necessitatis
996 1470 1147 1552 adquirat.
1187 1471 1232 1534 sic

93 1587 171 1652 ergo
202 1588 343 1653 agamus,
374 1572 495 1652 fratres,
527 1577 562 1636 nt
592 1577 665 1636 ante
696 1572 833 1638 tribunal
857 1573 973 1639 Christi
1004 1579 1044 1655 et,
1075 1575 1129 1657 qui
1157 1575 1230 1638 boni
1259 1609 1283 1645 ιο

93 1679 182 1753 sunt,
202 1692 358 1755 coronam,
377 1675 424 1758 <et
439 1675 505 1758 qui)
520 1678 721 1760 neglegentes
742 1683 824 1758 sunt,
845 1681 969 1742 ueniam
989 1682 1228 1760 consequantur.

621 1905 705 1968 XXI.

474 2067 516 2106 DE
539 2065 658 2107 SANGTO
681 2066 794 2107 losnprl
817 2067 848 2108 11.

138 2199 187 2264 De
216 2197 308 2264 beato
339 2199 441 2280 Iacob,
472 2203 582 2265 fratres
613 2203 781 2282 carissimi,
812 2208 843 2266 et
872 2203 904 2266 in
934 2207 1041 2268 sancto
1072 2203 1134 2268 filio
1165 2205 1229 2268 eius

91 2303 221 2386 Ioseph,
244 2305 296 2386 qui
320 2305 485 2388 diligenter
507 2307 657 2386 adtendit,
686 2325 752 2370 rem
776 2307 868 2370 nimis
893 2307 1107 2372 admirabilem
1132 2309 1230 2372 domi·
1258 2337 1282 2374 rs

93 2427 172 2472 num
196 2409 305 2472 fecisse
328 2411 553 2492 cognoscimus.
593 2411 729 2492 primum
746 2431 808 2476 non
824 2411 914 2475 credo
930 2413 1027 2476 luisse
1043 2413 1109 2476 sine
1126 2431 1229 2494 causa,

91 2515 178 2597 qnod
201 2515 287 2596 deus,
311 2516 374 2597 qui.
385 2535 418 2580 se
435 2517 547 2580 totiens
564 2517 709 2599 dignatus
726 2517 827 2580 iuerat
842 2517 1004 2581 ostendere
1020 2517 1111 2582 beato
1128 2517 1230 2599 Iacob,

92 2639 150 2704 per
175 2623 222 2683 tot
244 2637 342 2684 annos
366 2621 466 2685 noluit
488 2621 634 2701 indicare,
666 2621 746 2702 quod
769 2621 883 2704 Ioseph
906 2621 989 2686 filius
1013 2623 1079 2685 sius
1102 2623 1231 2702 uiueret,

91 2726 149 2789 sed
174 2725 317 2807 permisit
340 2744 411 2788 eum
435 2725 528 2808 longa
551 2725 722 2789 defectione
745 2726 896 2790 consumi.
936 2727 963 2790 si
985 2727 1151 2808 quisquam
1174 2727 1237 2790 hoc·

90 2831 163 2894 sina
187 2833 271 2892 certa
293 2830 412 2894 ratione
436 2833 466 2893 et
489 2829 626 2893 euidenti
650 2831 767 2893 facturn
790 2847 858 2893 esse
882 2831 996 2910 credat,
1020 2831 1069 2892 uel
1085 2831 1143 2894 hoo
1159 2847 1232 2893 oon·
1259 2855 1284 2893 ro

90 2933 221 3012 sideret,
251 2933 332 3014 quod
363 2951 421 2996 nec
450 2932 532 3016 filius
564 2934 630 2997 eius
653 2933 766 3016 Ioseph
794 2935 825 2996 in
853 2937 917 2996 tam
946 2934 1083 3016 proximo
1110 2935 1229 3015 positus

89 3038 267 3121 permiSsus
290 3039 330 3101 sit
353 3037 477 3101 mittere
501 3039 539 3101 ad
561 3042 683 3119 petrem
699 3055 802 3117 suum,
825 3041 861 3101 ut
877 3038 904 3100 ei
919 3037 1125 3117 adnuntiaret,
1149 3038 1230 3121 quod

89 3160 156 3206 non
182 3141 283 3205 solum
307 3142 436 3221 uiueret,
467 3141 522 3205 sed
546 3142 639 3206 etiam
664 3143 695 3205 in
718 3141 828 3225 grandi
851 3142 967 3206 honore
990 3143 1109 3224 positus
1138 3147 1230 3206 esset.

88 3247 132 3310 ab
156 3245 211 3309 illo
234 3246 319 3309 enim
342 3245 419 3326 loco,
442 3245 496 3310 ubi
519 3250 586 3310 erat
608 3245 718 3310 beatus
741 3245 846 3326 Iacob,
874 3265 972 3328 usque
995 3247 1027 3310 in
1050 3247 1229 3329 Aegyptum

89 3353 144 3416 uix
177 3355 265 3414 erant
292 3353 432 3414 trecenta
459 3350 555 3430 milia,
587 3351 667 3414 unde
694 3350 945 3431 frequentissime
974 3369 1009 3414 er
1032 3351 1175 3433 Aegypto
1199 3352 1230 3415 iu
1258 3377 1283 3416 re

88 3456 170 3520 locis
194 3455 265 3535 illis,
289 3453 342 3518 ubi
366 3459 432 3519 erat
446 3455 551 3534 Iacob,
574 3455 699 3537 plurimi
722 3453 938 3538 properabant.
978 3473 1014 3518 ex
1033 3455 1085 3518 illo
1106 3454 1172 3518 loco
1192 3456 1230 3518 ad

134 3687 313 3746 2ebritatem
331 3689 361 3744 D
422 3687 575 3757 elymosInis
593 3689 623 3744 D
684 3687 815 3742 iustitiam
833 3687 863 3744 D
926 3689 1014 3742 4non
1032 3688 1113 3758 Aac,
1132 3704 1182 3742 om.
1202 3687 1231 3741 D

85 3801 257 3861 benstotist
274 3802 303 3856 D
355 3768 519 3857 dmedimm
537 3801 566 3856 D
618 3799 792 3858 8disoendat
809 3801 839 3854 D
895 3799 1047 3869 elymosinis
1066 3801 1095 3854 D
1153 3801 1183 3854 ll
1204 3803 1231 3852 et

85 3891 135 3960 qni
157 3891 240 3960 Asp,
258 3907 308 3945 om.
327 3889 357 3944 D
410 3887 617 3956 consequantur]
636 3889 667 3940 ut
684 3885 744 3941 illos
762 3889 838 3940 ornet
856 3887 913 3940 uita
930 3887 1041 3956 integra,
1061 3886 1125 3940 istos
1143 3885 1231 3939 ualeat

84 3991 217 4033 excusare
240 3979 358 4030 correcto
379 3977 531 4045 praestante
553 3973 661 4028 domino
685 3977 775 4028 nostro
797 3973 858 4028 Iesu
881 3972 996 4037 Christo,
1019 3973 1062 4026 cui
1084 3975 1124 4026 est
1146 3972 1231 4026 honor

85 4070 116 4120 et
135 4063 281 4132 imparium
300 4063 327 4116 in
346 4061 451 4116 saecula
468 4061 642 4116 soeculorum.
661 4059 746 4114 Amen
763 4061 827 4116 odd.
841 4062 912 4130 Aup.
968 4063 1000 4116 13
1017 4059 1082 4113 item
1100 4059 1144 4128 lljss,
1163 4060 1231 4126 (erut

84 4152 174 4208 tertia
191 4153 223 4206 s'n
239 4151 305 4217 ros.)
324 4149 355 4203 de
374 4149 418 4204 sab
436 4149 526 4219 ioseph
544 4147 660 4204 secunda
672 4149 715 4216 D;
731 4155 817 4204 caawt
834 4149 878 4204 bs'c
895 4165 980 4202 sermo
998 4149 1068 4201 iuter
1080 4146 1230 4216 Aupsasts'ni

83 4254 226 4296 samona
244 4237 341 4292 dubios
359 4241 393 4290 15
410 4237 611 4304 (39,1770M.)
664 4237 696 4290 14
715 4234 758 4304 de]
778 4234 805 4288 in
824 4237 895 4306 Assy.
954 4237 985 4289 16
1003 4233 1139 4300 cognoscit
1157 4233 1228 4302 Aug.

88 4329 120 4384 17
142 4323 266 4379 &iuerat
283 4323 313 4378 D
384 4325 416 4378 19
434 4322 578 4376 afflictione
597 4323 668 4392 Aup.
739 4321 888 4374 consummi
911 4321 940 4374 D
1008 4321 1040 4374 21
1065 4319 1181 4388 possitus
1200 4319 1229 4372 D

84 4417 121 4471 25
142 4415 265 4466 namna
283 4411 363 4480 nup,
382 4408 521 4464 CCCXXX
540 4411 569 4464 D
622 4411 656 4464 26
673 4407 761 4461 locum
779 4406 855 4460 illum
874 4409 946 4476 nup.
1056 4496 1073 4544 0

142 4505 198 4548 m.
213 4504 285 4546 rsus.
1040 4496 1055 4542 a
