2920 4928
232 373 332 429 LXXII
676 373 920 442 Prolegomena.

231 570 295 613 non
312 569 436 636 parum
457 547 577 626 studes,
601 546 741 612 laudari
758 547 947 634 plurimum
969 557 997 612 te
1019 559 1157 612 uetares.
1195 569 1298 632 neque
1316 551 1375 614 du·

231 655 305 735 bito,
336 657 409 736 quin
432 671 541 718 reuera
563 652 679 718 Sidonii
702 655 848 737 plausum
872 655 980 718 tulerit
1002 654 1093 718 stilus
1117 655 1242 735 Ruricii,
1276 674 1374 737 quem

231 759 391 826 Sidonium
421 757 639 840 imitandum¹)
671 758 731 823 sibi
761 759 959 841 proposuisse
989 759 1070 822 inter
1100 777 1207 824 omnes
1235 763 1374 824 constat.

231 882 332 946 neque
354 864 458 927 minus
482 865 590 926 notum
614 865 662 926 est
677 863 837 927 Ruricium
861 863 992 926 aliorum
1016 863 1201 945 scriptorum
1217 863 1374 946 epistulas

231 986 329 1050 aeque
351 985 388 1031 ac
410 985 482 1031 suas
504 967 603 1049 ipsius
627 967 845 1048 compilauisse
868 971 899 1031 et
922 967 960 1030 ab
982 967 1050 1030 aliis
1070 966 1150 1031 bene
1166 967 1299 1032 inuenta
1315 987 1375 1032 sua

231 1073 352 1137 fecisse.
379 1069 506 1154 Sulpicii
522 1069 629 1135 Seueri
645 1071 682 1134 de
698 1071 809 1134 ultimo
824 1071 936 1135 iudicio
954 1071 1086 1154 epistula
1101 1071 1260 1135 Ruricium
1276 1091 1373 1136 nsum

232 1195 299 1240 esse
312 1175 458 1239 Baluzius
470 1175 502 1238 in
514 1175 786 1239 Miscellaneorum
798 1175 876 1240 libro
888 1175 912 1239 Ι.
926 1174 1067 1257 (Parisiis
1083 1173 1261 1259 16111111]
1275 1163 1385 1241 edens

230 1282 263 1344 in
293 1280 483 1363 praefatione
513 1278 597 1359 dicit,
628 1280 667 1343 ef.
692 1279 798 1344 Seueri
827 1279 959 1362 epistula
986 1298 1012 1343 e.
1036 1279 1052 1340 1
1082 1276 1373 1365 (ρ.219Η11111);

226 1404 384 1470 persaepe
414 1381 459 1444 ad
481 1404 539 1446 uos
562 1383 676 1446 uenire
703 1381 808 1460 uolui,
839 1381 896 1446 sed
924 1403 1024 1468 usque
1055 1382 1162 1446 adbuc
1192 1383 1373 1468 impeditus

230 1510 310 1564 oum,
341 1486 508 1550 obsistente
538 1509 582 1564 eo,
613 1487 671 1572 qui
700 1487 849 1550 corruenit
881 1485 1033 1550 obsistere
1063 1492 1094 1552 ct
1123 1489 1197 1552 Rur.
1219 1508 1267 1571 cp.
1288 1489 1323 1553 II
1353 1489 1373 1550 9

231 1591 451 1677 (p.383,1l):
479 1589 625 1654 crebrius
652 1590 818 1654 noluimus
835 1640 842 1654 .
861 1640 868 1653 .
884 1591 1010 1676 scripta
1038 1590 1189 1677 diripere,
1216 1591 1273 1656 sed
1291 1615 1373 1676 pro-

232 1695 329 1759 bibiti
351 1717 461 1758 sumus
484 1717 585 1780 usque
607 1718 694 1758 nunc
712 1694 903 1780 prohibente
925 1697 1083 1758 nimirum
1103 1694 1172 1773 1111,
1196 1695 1253 1780 qui
1270 1695 1374 1759 borrae

231 1800 398 1864 uoluntati
428 1800 596 1863 consueuit
625 1821 747 1885 recimer
778 1798 946 1882 obsistere‚·
975 1800 1044 1865 Seu.
1066 1821 1092 1865 c.
1114 1799 1134 1862 2
1157 1800 1200 1884 (p.
1216 1799 1282 1864 220
1297 1803 1372 1884 Η.);

230 1928 269 1969 ne
291 1927 421 1968 uranum
437 1915 550 1967 aratro
567 1905 711 1968 inserens
732 1914 911 1967 retrorsum
933 1926 1091 1968 conuersa
1114 1905 1282 1990 respicias,
1309 1927 1372 1990 quo

232 2009 428 2073 ..ordinem
450 2031 546 2072 suum
568 2031 688 2100 neccsse
712 2019 756 2071 est
782 2008 893 2072 sulcus
921 2009 1050 2071 amittat
1078 2015 1110 2074 et
1131 2011 1205 2074 Rur.
1223 2010 1305 2093 apl
1332 2009 1372 2072 18

232 2116 273 2199 (p.
291 2113 427 2198 311,3);
444 2136 543 2198 neque
559 2113 680 2176 stiuam
696 2123 801 2176 tenens
819 2162 827 2176 .
845 2161 852 2176 .
870 2124 955 2176 retro
972 2112 1140 2198 respicias,
1156 2123 1194 2175 ut
1210 2112 1373 2177 directum

232 2218 337 2282 lineae
359 2217 471 2280 sulcus
493 2217 631 2281 amittat.

275 2323 460 2388 Cassianum
477 2341 598 2405 quoque
615 2324 775 2406 exscripsit
791 2323 945 2403 Ruricius,
969 2327 1004 2388 ut
1023 2323 1158 2387 intellexi
1175 2343 1211 2386 ex
1227 2323 1276 2387 his
1293 2325 1372 2388 locis

231 2447 338 2492 secum
365 2428 566 2510 comparetis:
598 2426 735 2492 Cassian.
762 2429 799 2491 de
825 2428 941 2491 incarn.
960 2428 1041 2492 dom.
1058 2432 1166 2493 contra
1188 2427 1385 2492 Nestorium·

230 2534 326 2615 praef.
342 2530 384 2615 (p.
402 2530 512 2612 235,9
535 2532 736 2615 Petschenig)
757 2530 942 2615 producens
969 2551 1015 2592 me
1043 2551 1081 2594 eu
1108 2529 1168 2594 illo
1188 2531 1374 2616 praemedi-

232 2636 294 2699 tati
319 2634 445 2698 silentii
473 2656 599 2698 recessu
620 2634 657 2696 in
680 2633 851 2720 publicum
867 2634 1184 2720 formidandumque
1206 2634 1375 2699 iudicium

231 2751 260 2804 et
288 2763 376 2804 noua
403 2738 515 2802 subire
541 2739 625 2825 copis
653 2739 760 2802 adbuc
791 2739 828 2802 de
857 2741 1048 2824 praeteritis
1079 2737 1311 2803 erubescentem
1343 2747 1375 2806 et

231 2847 304 2910 Rur.
327 2845 406 2928 cp.I
429 2844 449 2907 3
473 2843 608 2928 (p.355,
626 2843 679 2928 13)
703 2842 890 2928 producens
917 2866 965 2906 me
992 2866 1031 2906 erc
1058 2843 1217 2906 tutissimo
1243 2843 1375 2907 silentii

233 2933 357 3012 recessu
384 2947 429 3011 ad
451 2945 625 3034 publicum
645 2946 963 3033 formidandumque
990 2947 1154 3010 iudicium
1181 2957 1210 3011 et
1236 2947 1274 3009 in
1297 2949 1374 3011 uita

231 3054 297 3116 iam
320 3052 424 3116 ueteri
445 3073 533 3115 noua
554 3051 666 3116 subire
689 3051 858 3138 conpellit,·
880 3053 1019 3118 Cassian.
1037 3052 1110 3118 ibid.
1127 3073 1157 3137 p.
1174 3051 1247 3133 236,
1266 3053 1304 3115 11
1320 3055 1373 3118 P.:

231 3179 330 3242 pareo
358 3155 573 3220 obsecrationi
596 3167 679 3234 tuae,
706 3178 828 3242 pareo
859 3157 1038 3221 iussioni.
1070 3155 1168 3220 male
1199 3157 1298 3219 enim
1329 3158 1375 3220 de

163 3265 164 3270 ’
231 3285 281 3324 me
304 3262 387 3346 ipso
411 3259 485 3323 tibi
507 3283 616 3344 quam
638 3261 732 3323 mibi
754 3260 923 3338 credere,
946 3261 1083 3324 manime
1105 3260 1186 3346 quia
1207 3259 1245 3323 id
1269 3271 1374 3325 tecum

232 3388 321 3428 arnor
343 3365 418 3428 Iesu
437 3362 560 3429 Cbristi
584 3364 707 3428 domini
729 3365 791 3428 mei
801 3366 980 3450 praecipit,
1003 3365 1060 3450 qui
1075 3366 1133 3428 boc
1148 3366 1256 3450 ipsam
1271 3366 1374 3429 etiam

232 3471 267 3533 in
297 3479 326 3532 11
356 3467 443 3532 iubet
474 3473 505 3534 11
535 3470 609 3534 Rur.
632 3489 680 3552 ep.
701 3471 733 3533 II
760 3469 799 3532 41
831 3472 873 3554 (p.
895 3469 969 3551 426,
989 3472 1038 3554 4);
1064 3491 1168 3556 pareo
1200 3467 1375 3534 uoluntati

231 3585 367 3653 uestrae,
394 3596 514 3661 pareo
545 3575 727 3638 iussioni.
769 3573 867 3638 malo
899 3575 997 3639 enirn
1027 3574 1069 3638 de
1099 3597 1149 3637 me
1179 3575 1264 3660 ipsc
1294 3575 1374 3639 tibi

231 3679 349 3766 mapis
380 3701 490 3764 quam
516 3679 610 3742 mibi
637 3679 803 3756 credere,
834 3679 914 3765 quia
942 3679 1076 3764 pietatis
1106 3701 1170 3742 non
1196 3681 1373 3765 potestatis

231 3794 285 3861 111,
310 3782 395 3869 quod
416 3781 546 3847 iubetis.

274 3889 312 3954 Se
335 3890 438 3972 ipsunr
461 3892 576 3968 autern,
601 3889 752 3952 Faustum
777 3889 924 3970 aliosque,
949 3889 1002 3971 qui
1025 3889 1062 3952 ad
1083 3907 1154 3952 eunr
1174 3889 1296 3953 litteras
1318 3891 1373 3954 de-

231 3995 353 4074 derunt,
377 4011 469 4075 quarn
487 3993 671 4075 inpudenter
686 3992 829 4056 Ruricius
854 3994 1059 4076 exscripserit,
1084 4012 1118 4057 ex
1142 3993 1224 4057 notis
1245 3997 1373 4058 nostrae

275 4233 295 4302 ¹)
314 4233 370 4301 Quo
389 4232 512 4287 imitandi
532 4233 620 4287 studio
640 4233 764 4287 inductus
783 4234 863 4288 etiam
883 4233 1116 4303 hendecasyllabos
1134 4233 1279 4303 temptauit
1290 4233 1373 4289 Ruri·

232 4322 287 4374 cius
306 4337 345 4392 ep.
359 4321 386 4376 Π
408 4323 446 4379 19.
