2920 4928
260 394 372 448 XXXIV
708 397 948 464 Prolegomena.

259 665 352 748 OAP.
371 666 414 748 ll.
442 665 501 748 llll
524 665 685 749 nnvsnl
708 665 947 879 OdlllOlBUg
970 667 1018 749 IN
1040 667 1129 750 Hoc
1153 667 1384 750 lellllllll

696 796 913 880 nnfllnlnl
947 864 954 879 .

506 999 545 1064 A.
569 999 718 1066 FAVSTI
740 999 796 1064 DE}
819 998 984 1064 GRATIA
1007 999 1138 1064 LIBRI.

300 1147 348 1211 De
370 1147 458 1212 libris
482 1146 605 1231 scriptis
627 1147 849 1230 impressisque
874 1147 1060 1230 disputaturi
1077 1165 1148 1210 eum
1164 1165 1329 1228 sequemur
1344 1166 1386 1211 er-

258 1253 373 1334 dinem,
402 1270 462 1335 qno
489 1253 520 1316 in
547 1251 606 1316 hoe
633 1252 792 1316 uolumine
821 1251 944 1335 singula
967 1251 1074 1315 Fausti
1103 1252 1219 1334 scripta
1246 1271 1313 1316 sese
1341 1271 1386 1314 er-

257 1357 383 1439 cipiunt.
418 1375 454 1421 ac
469 1356 565 1421 libros
581 1357 657 1420 dnos
674 1357 711 1420 de
727 1357 830 1439 gratia
843 1375 924 1420 nnus
941 1360 1046 1420 seruat
1069 1356 1181 1420 ceder
1196 1355 1385 1419 Parisinus

256 1461 399 1525 latinns
419 1459 672 1525 bibliothecae
693 1461 897 1524 nationalIs
918 1480 947 1524 n.
964 1457 1049 1522 2166
1071 1459 1159 1542 (elim
1174 1457 1272 1544 4029)
1293 1479 1386 1524 mern·

256 1566 429 1629 branacens
452 1583 531 1630 saec.
549 1565 653 1646 VIIII,
681 1565 824 1629 foliorum
848 1562 889 1627 69
911 1565 1013 1629 forma
1040 1565 1208 1646 octonaria,
1236 1565 1290 1647 qni
1316 1565 1385 1628 olim

257 1675 324 1734 erat
354 1669 474 1734 Claudii
503 1669 636 1734 Puteani
665 1667 904 1754 (ef.fol.1¹in
936 1669 1076 1752 margine
1107 1651 1275 1752 inferiore).
1319 1669 1386 1732 lelio

256 1775 356 1858 primo
371 1774 508 1858 praefixa
524 1779 572 1838 est
588 1773 782 1854 membrana,
799 1774 830 1838 in
844 1792 906 1856 qua
921 1791 1013 1837 uersa
1029 1777 1153 1837 exstant
1168 1773 1258 1837 haee:
1278 1783 1385 1834 cerrtra

249 1877 370 1962 fanstri
390 1879 474 1941 hreno
496 1877 630 1962 scripsit
655 1875 764 1941 beatus
780 1875 971 1964 fnlpentins
994 1876 1164 1962 episeopus
1186 1877 1272 1939 sicut
1291 1878 1328 1938 in
1353 1875 1386 1937 li·

257 1981 338 2045 bello
369 1981 406 2044 de
436 1982 510 2045 uita
540 1981 648 2067 ipsine
660 1981 683 2066 ¹)
714 1979 898 2044 continetur
928 1981 965 2043 in
995 1981 1045 2043 ln's
1076 1979 1196 2043 utero-is.
1241 1981 1291 2043 ita
1320 1988 1388 2043 erut

196 2147 200 2156 ,
255 2097 350 2150 notus
373 2085 521 2149 omnibns
543 2085 690 2172 pentibus
713 2095 749 2149 nt
773 2085 837 2148 dno
862 2083 943 2146 libri
966 2105 1043 2168 qnos
1059 2083 1201 2170 faustus
1224 2085 1388 2170 episcopus

254 2190 436 2278 palliarum
458 2199 571 2253 contra
592 2191 736 2277 pretione
758 2188 894 2252 subdolo
916 2209 1055 2252 sermone
1078 2189 1246 2274 conposuit
1265 2189 1388 2272 senens

255 2294 375 2359 occulte
400 2293 589 2381 pelagianis
618 2295 675 2358 sed
702 2293 880 2358 catholicus
910 2303 1015 2356 tarnen
1044 2291 1156 2356 nolens
1183 2291 1295 2355 uideri
1322 2315 1387 2355 con-
1440 2311 1441 2318 ¹

255 2397 469 2486 stantinopolt
489 2397 617 2484 offensis
633 2397 793 2484 plurimis
803 2397 975 2485 fratribus
992 2396 1037 2459 ad
1053 2395 1178 2460 beatum
1187 2395 1387 2483 sculpentium

250 2502 420 2589 predandi
451 2503 682 2589 diriperentur.
721 2501 838 2588 quibus
868 2524 906 2564 ne
936 2501 1094 2564 occultum
1120 2501 1218 2564 uirus
1248 2509 1388 2586 serperet

255 2618 372 2694 septem
404 2605 499 2670 libris
529 2607 599 2694 ipse
629 2607 797 2693 respondit
823 2605 904 2693 plns
933 2605 1086 2668 loborans
1113 2627 1269 2691 exponere
1295 2612 1389 2691 'quom

254 2713 400 2793 uincere;
426 2711 505 2797 quio
532 2709 648 2774 dubios
674 2733 830 2774 sermones
857 2711 927 2773 eins
955 2731 1111 2795 conponere
1138 2711 1195 2772 hoc
1216 2719 1288 2772 erut
1312 2708 1389 2772 dett-

254 2815 360 2879 rantis
391 2825 581 2902 crpumenta
611 2815 815 2896 connincere;
844 2825 936 2877 cante
966 2814 1073 2901 ipitnr
1104 2812 1253 2900 lependsn
1285 2825 1329 2877 est
1361 2823 1390 2874 et

253 2919 463 2983 subtilissime
493 2919 733 2983 retractandos.
772 2920 884 3003 quibus
915 2919 1035 2983 addidit
1065 2938 1176 2983 manus
1209 2921 1320 2984 altera:
1353 2939 1391 2980 en

254 3026 376 3088 decreto
406 3024 524 3111 petasii
549 3045 661 3111 papae
692 3023 786 3087 ordis
815 3045 923 3086 ronnas
950 3021 1036 3108 qnod
1064 3045 1135 3085 enm
1161 3021 1253 3085 LXX
1280 3022 1391 3086 erudi-

254 3129 387 3192 tissimis
417 3129 575 3215 episeopis
605 3127 797 3215 conseripsit
827 3138 856 3190 et
878 3127 1042 3210 firmauit.
1063 3125 1068 3212 Ι
1092 3126 1250 3214 opusculo
1274 3125 1392 3212 ferr-sti

254 3233 408 3319 repiensia
423 3231 605 3319 palliorum
620 3231 818 3318 apocrifast)
846 3231 1027 3318 pennodins
1043 3253 1122 3294 nero
1138 3231 1186 3294 ait
1202 3232 1392 3315 (sequuntur

254 3338 407 3403 Gennadii
420 3337 517 3402 uerba
532 3338 569 3400 dc
582 3337 696 3401 Fausto
713 3338 841 3419 eiusque
856 3335 943 3400 libris
960 3335 997 3400 de
1013 3337 1124 3421 gratia,
1141 3336 1178 3400 de
1192 3337 1251 3401 ulr.
1265 3339 1309 3402 ill.
1323 3335 1392 3420 86).

253 3441 367 3504 uideat
390 3441 462 3526 quis
486 3463 576 3526 quern
593 3439 769 3526 praeferat
785 3451 813 3504 et
828 3439 923 3503 cuins
939 3439 1041 3526 inopis
1058 3441 1285 3503 anctoritatem
1300 3440 1393 3526 sequi

255 3545 364 3609 debent
386 3555 415 3609 et
437 3554 550 3608 utrnrn
572 3545 621 3608 ito
637 3545 779 3632 faustus
798 3544 916 3607 sentiat
936 3543 1021 3607 sient
1040 3543 1223 3630 gennadius
1239 3554 1392 3609 testatur.

253 3652 306 3715 fol.
325 3651 357 3712 1²
382 3669 494 3714 manus
518 3651 616 3714 altera
643 3651 796 3715 exorauit:
821 3647 935 3736 fausti
964 3648 1104 3734 repensis
1132 3645 1184 3736 ἑῇ
1213 3649 1295 3712 libri
1325 3649 1393 3713 daeo

255 3753 293 3817 de
318 3754 440 3840 pretio,
471 3758 501 3818 et
530 3754 640 3836 incipit
670 3755 804 3837 epistula
826 3753 933 3818 Fausti
961 3753 999 3817 ad
1022 3753 1184 3835 Lucidum,
1215 3775 1308 3838 qnam
1340 3777 1393 3820 er-

253 3860 330 3943 cipit
345 3860 480 3942 epistula
495 3859 603 3924 Lucidi
619 3859 657 3922 ad
673 3859 826 3923 Faustum
850 3859 901 3940 (cf.
919 3858 1000 3922 intre
1014 3877 1043 3940 p.
1063 3857 1232 3922 161-168
1249 3863 1280 3924 et
1294 3879 1393 3944 snpra

253 3984 284 4047 p.
302 3964 405 4048 XIII).
433 3964 485 4028 tol.
502 3963 536 4026 4ῐ
552 3963 661 4046 incipit
675 3963 832 4046 prologus,
855 3963 907 4028 fol.
924 3961 958 4026 5⁰
982 3962 1119 4045 capitula
1140 3963 1212 4028 libri
1235 3963 1330 4047 primi
1355 3967 1394 4028 de

298 4171 317 4240 ¹)
336 4170 375 4226 cf.
389 4169 516 4230 Ferrnndi
529 4169 633 4223 diaconi
652 4169 708 4224 nite
726 4186 745 4224 s.
759 4168 894 4237 Fulgentii
911 4169 1056 4239 ltnspenaIs
1073 4169 1188 4240 episcopi
1207 4169 1276 4239 apud
1288 4169 1394 4240 Iligne,

253 4257 325 4311 Patr.
337 4257 384 4311 lat.
397 4256 469 4310 LXV
488 4259 544 4312 145.

288 4345 309 4412 ²)
327 4343 367 4398 Cf.
388 4359 467 4412 snpra
484 4359 510 4412 p.
523 4343 594 4397 XVI.
