2920 4930
531 421 629 476 Liber
646 423 660 477 I
680 427 721 480 12.
1154 427 1197 491 43

68 597 144 678 lapsi.
184 599 223 662 ad
247 617 324 680 quos
347 599 461 664 iterum
481 599 571 665 dioit:
596 601 714 666 tilioli
735 603 821 683 mei,
844 620 935 684 qnos
958 603 1095 668 iterum
1118 622 1199 688 par-

69 703 169 782 turio,
193 703 310 768 donee
334 704 515 769 formetur
538 705 710 770 Christus
733 707 770 771 in
794 705 909 771 uobis.

103 806 177 872 duee
200 808 286 889 istos,
315 809 367 892 qui
390 809 451 874 fide
474 810 570 893 geniti
598 809 673 876 faeti
699 810 824 876 fuerant
846 811 988 892 abortiui,
1012 812 1122 875 asserit
1144 812 1199 875 ed-

68 912 118 976 hne
137 931 231 994 posse
254 913 293 977 ad
309 912 423 978 Christi
446 914 616 998 imaginem
639 915 802 980 reformari
825 919 865 996 et,
889 916 964 980 dum
985 916 1122 998 perditos
1145 917 1199 980 ad-

68 1016 118 1080 hue
140 1017 218 1082 filios
242 1022 342 1099 nooat,
364 1019 663 1101 praeuaricationem
685 1020 753 1084 sine
777 1021 989 1103 desperatione
1013 1021 1200 1086 condemnat
1238 1051 1251 1091 s

69 1121 170 1188 donem
194 1127 225 1187 et
247 1125 384 1206 reparari
406 1125 526 1207 perdita
549 1128 580 1190 et
603 1125 717 1190 auferri
739 1144 831 1208 posse
854 1127 986 1191 oonlata.
1025 1145 1100 1190 nam
1127 1145 1199 1190 oum

69 1227 119 1291 atio
144 1229 210 1292 iooo
237 1228 412 1294 haereticus
440 1231 571 1312 apostoli
598 1231 786 1295 sententiam
813 1231 1127 1313 praedestinationem
1151 1231 1199 1294 dei

69 1333 110 1396 uel
125 1332 372 1414 praefinitionem
393 1334 613 1416 interpretetur
634 1353 713 1416 esse,
737 1353 809 1400 enm
828 1336 961 1420 legitur:
985 1335 1199 1416 miserebor,

68 1437 117 1500 oui
135 1438 302 1518 uolnero,
323 1441 359 1502 et
379 1439 676 1504 misericordiam
692 1440 909 1523 praestabo,
930 1440 1034 1504 euius
1050 1440 1199 1503 misere·

69 1539 137 1621 bor,
159 1542 397 1627 interrogandus
421 1547 478 1624 est,
502 1547 607 1608 utrum
639 1538 732 1626 quod
747 1545 816 1608 nult
845 1544 921 1608 deus
952 1543 1128 1608 ordinatum
1159 1563 1199 1608 an
1227 1572 1252 1612 lo

70 1645 280 1726 inordinatum,
304 1647 422 1712 iustum
446 1665 484 1712 an
508 1647 659 1713 iniustum
683 1649 747 1714 sit?
785 1667 857 1713 oum
888 1649 932 1730 id,
963 1649 1045 1730 qnod
1072 1667 1199 1712 neeesse

69 1755 118 1830 est,
139 1751 254 1816 iustum
271 1771 340 1818 esse
355 1753 558 1836 responderit,
582 1755 749 1818 dicendum
772 1757 837 1819 est:
861 1757 937 1837 puta
951 1754 1002 1818 hie
1017 1753 1114 1817 uerba
1130 1772 1199 1818 esse

69 1849 203 1937 insidiae,
226 1857 300 1940 quia
322 1857 467 1922 uoluntas
490 1859 596 1924 diuina
619 1859 737 1924 iustitia
759 1862 816 1923 est.
856 1863 887 1922 et
909 1859 952 1922 ita
974 1857 1052 1922 haee
1067 1859 1199 1922 elooutio

69 1960 268 2045 intellegenda
290 1967 339 2028 est
361 1963 577 2044 miserebor,
600 1967 658 2028 oui
680 1965 848 2044 noluero,
872 1963 986 2028 idest:
1011 1963 1058 2026 oui
1082 1963 1199 2026 iustum

69 2083 128 2128 esse
148 2063 339 2152 <eonsilium>
361 2087 544 2152 cognouere,
567 2069 654 2134 ouius
670 2073 847 2152 promptam
863 2067 956 2132 fidem
972 2067 1089 2148 uidero,
1105 2087 1199 2149 quern
1226 2091 1251 2132 rs

68 2173 229 2254 praeceptis
258 2171 337 2236 meis
364 2172 507 2238 oboedire
534 2191 729 2257 perspexero,
757 2192 851 2256 quem
878 2191 983 2236 meam
1005 2173 1107 2236 faeere
1129 2190 1200 2254 pro·

68 2271 173 2340 banero
199 2277 405 2341 uoluntatem.
444 2281 480 2342 et
506 2278 814 2358 misericordiam,
841 2278 955 2360 inquit,
985 2276 1199 2359 praestabo,

69 2379 163 2444 ouius
186 2381 408 2446 miserebor:
439 2383 520 2465 quod
547 2383 591 2447 ita
618 2381 863 2466 intellegendum
886 2385 945 2462 est,
968 2383 1020 2464 qui
1042 2381 1200 2446 conlatam

70 2483 157 2548 adso
180 2486 422 2551 misericordiam
446 2486 572 2552 subdita
594 2491 626 2552 et
646 2487 777 2552 sollicita
799 2490 904 2550 mente
928 2486 1110 2566 seruauerit,
1134 2503 1200 2550 am-

69 2587 188 2668 pliorem
216 2591 459 2656 misericordiam
482 2595 698 2674 consequetur,
727 2593 808 2656 sieut
836 2591 895 2656 alio
923 2591 991 2655 loeo
1019 2590 1109 2654 dieit:
1140 2591 1200 2673 qui
1226 2613 1253 2653 so

70 2693 155 2758 enim
177 2695 306 2776 habet,
330 2695 481 2761 dabitur
508 2697 566 2761 illi
595 2701 630 2761 et
653 2693 991 2779 superabundabit,
1014 2694 1044 2758 id
1068 2698 1125 2775 est,
1149 2695 1201 2776 qui

69 2803 221 2882 acceptum
244 2800 293 2864 dei
317 2801 432 2865 donum
456 2819 528 2865 oum
552 2801 713 2885 uigilantia
740 2805 772 2865 et
798 2799 899 2864 eordis
922 2800 1032 2864 timore
1055 2799 1200 2878 custodit,

70 2903 159 2986 magis
182 2923 218 2968 ao
241 2905 341 2988 magis
365 2906 482 2989 gratim
509 2906 606 2988 ipsius
634 2905 737 2988 capiet
763 2907 978 2988 augmentum,
1009 2907 1044 2967 ut
1074 2903 1101 2966 ei
1130 2921 1201 2985 pro·

68 3005 159 3072 ieetns
181 3009 248 3093 ipse
271 3011 373 3093 pariat
395 3011 589 3074 incrementa
610 3010 818 3093 profectuum,
842 3009 922 3072 siout
945 3007 1005 3072 atio
1028 3008 1095 3072 loeo
1110 3007 1199 3070 dioit:

69 3120 97 3174 ot
119 3119 270 3178 sanetus
294 3114 412 3178 adhue
435 3115 706 3180 sanctificetur.
1227 3133 1253 3175 ss

106 3215 189 3298 Quod
213 3222 320 3282 autern
343 3223 374 3283 et
395 3219 472 3284 illud
495 3219 533 3284 ad
553 3218 800 3302 praefinitionem
824 3217 873 3282 dei
894 3219 1007 3300 putant
1029 3235 1097 3281 esse
1119 3215 1201 3279 refe-

68 3322 206 3404 rendum,
234 3323 316 3405 quod
340 3324 497 3405 apostolus
526 3323 616 3388 dioit:
648 3341 733 3408 ergo
765 3322 870 3386 ouius
897 3321 979 3385 uult
1002 3321 1201 3384 miseretur

68 3429 98 3488 ot
120 3446 225 3509 quem
248 3427 330 3493 uuit
353 3428 520 3494 indurat:
552 3429 645 3492 diois
673 3429 801 3510 itaque
829 3426 933 3506 mihi,
965 3425 1052 3508 quid
1083 3425 1200 3489 adhue

68 3533 254 3611 queritur?
277 3533 467 3598 uoluntati
491 3533 587 3598 enim
611 3533 689 3598 eins
713 3532 795 3615 quis
817 3530 990 3595 resistit?
1032 3529 1198 3594 manifeste

165 3747 191 3818 ι]
209 3747 269 3804 aa.
282 3750 307 3813 r,
322 3751 361 3804 19.
427 3747 643 3818 apponere.
713 3745 760 3816 ao]
779 3745 930 3810 ustura,
946 3747 985 3802 12.
1055 3744 1101 3814 as]
1119 3742 1200 3814 spos.

66 3833 156 3896 earn.
209 3835 256 3905 ar]
275 3835 446 3900 sonare.

106 4035 365 4106 3qn1]deodd.o
429 4035 642 4106 5disperatione
661 4036 688 4090 P
750 4033 917 4090 iheretious
937 4033 965 4088 P
1027 4030 1201 4102 praedistina-

69 4118 161 4176 tionem
178 4124 207 4178 P
274 4123 515 4193 8intsrpraetetur
534 4123 562 4176 P
627 4123 659 4178 12
676 4125 777 4192 putea
843 4137 910 4176 num
927 4119 993 4174 haee
1010 4117 1202 4176 renuendum?

73 4205 100 4258 13
117 4207 204 4264 diuino
222 4211 250 4265 P
302 4213 333 4266 14
353 4209 408 4279 oni]
427 4225 539 4278 quomo
597 4211 628 4264 15
646 4207 788 4262 eonsilium
806 4207 912 4274 addidi,
930 4223 981 4263 om.
1001 4207 1028 4260 P
1082 4205 1117 4260 20
1135 4217 1198 4258 eon-

72 4295 199 4360 equssur
216 4299 244 4352 P
294 4299 327 4354 21
347 4299 375 4350 et
392 4315 472 4352 omo
524 4293 811 4365 superhabundabitP
861 4293 956 4362 quien
1008 4294 1042 4348 26
1060 4289 1094 4344 ad
1112 4309 1162 4348 om.
1177 4292 1204 4346 P

71 4380 101 4434 28
118 4381 218 4454 itaquae
237 4387 265 4442 P
316 4385 350 4440 29
370 4383 506 4454 quaeritur
526 4383 554 4438 P
604 4381 762 4438 manifestae
780 4381 808 4436 P
