2954 4930
510 441 575 496 IIII.
594 442 703 496 Sermo
721 445 831 499 28-29.
1173 447 1234 512 337

98 615 163 680 tuis
186 615 267 680 circa
282 615 363 680 dona
377 619 433 680 tua
455 616 521 680 iure
544 619 574 680 te
591 635 730 682 ueneror.
766 619 871 701 itaque
894 637 965 684 curn
989 639 1022 684 se
1038 621 1114 687 deus
1130 627 1236 687 noster

95 720 132 784 in
155 719 280 804 algente
304 719 422 800 uester,
445 721 477 784 in
502 721 656 785 esuriente
679 721 773 802 refici,
796 723 828 786 in
843 741 978 806 paupere
994 727 1125 790 testetur
1139 727 1236 791 hono-

94 824 161 887 rari
176 823 221 888 ita
236 823 356 888 dicens:
380 824 442 906 qui
457 823 548 889 iecit
563 826 627 888 uni
650 845 690 889 er
714 827 877 891 minimis
900 828 1000 910 istis,
1025 829 1115 894 mihi
1135 831 1235 910 iecit,

94 945 293 1010 consequens
316 931 374 1009 est,
397 931 433 993 ut
448 928 486 992 de
502 929 609 993 electis
626 930 691 994 suis
707 930 751 994 ita
766 931 865 995 dicere
881 949 917 996 ac
933 933 1048 998 sentire
1065 935 1235 1000 credendus

94 1032 155 1096 sit:
181 1033 406 1113 reuerentiam,
438 1051 533 1115 quam
561 1035 678 1098 sanctis
706 1035 784 1100 meis
812 1036 943 1118 quisque
974 1037 1080 1102 studet
1106 1040 1234 1119 deferre,
1275 1069 1287 1107 c

94 1135 178 1200 mihi
199 1135 309 1201 reddit.
355 1137 484 1221 dignum
517 1141 575 1218 est,
607 1142 642 1202 ut
663 1139 830 1203 honoretur
859 1141 1044 1206 innomine
1073 1161 1151 1224 meo,
1182 1145 1235 1226 qui

94 1259 149 1304 me
177 1241 341 1306 honorarit
367 1242 399 1306 in
427 1242 579 1325 sangnine
607 1261 672 1307 suo.
718 1243 863 1308 humanis
895 1263 967 1328 ergo
1000 1245 1235 1311 infirmitatibus

93 1345 155 1410 hos
172 1345 376 1411 meditatores
392 1346 587 1430 prouidentia
602 1347 708 1412 diuina
723 1349 897 1430 constituit,
918 1354 953 1414 ut
968 1353 1077 1415 mutuo
1093 1352 1235 1416 iocunde·

94 1467 159 1532 qne
170 1450 357 1514 commercio
370 1455 402 1516 et
412 1451 599 1516 intercessor
611 1453 728 1516 cultore
741 1457 772 1518 et
783 1453 883 1518 cultor
895 1453 1099 1526 intercessore
1115 1474 1171 1520 suo
1184 1477 1233 1520 aa.

93 1572 178 1636 quae
201 1571 273 1618 cum
296 1555 341 1618 ita
364 1555 436 1635 sint,
464 1555 628 1636 carissimi,
659 1573 763 1620 sacros
787 1575 823 1621 ac
845 1559 1038 1623 uenerandos
1062 1563 1235 1642 martyrum
1263 1587 1288 1626 ro

94 1659 219 1722 cineres
241 1662 317 1739 tota,
341 1676 403 1741 qua
425 1676 603 1742 possumne,
626 1660 742 1725 uirtute
766 1679 960 1743 ueneremur,
984 1667 1019 1727 ut
1034 1664 1159 1727 ueniam
1183 1665 1235 1728 de-

94 1763 246 1827 lictorum
262 1767 450 1844 nostrorum,
471 1781 566 1846 quam
582 1765 698 1830 nostris
714 1767 833 1830 meritis
849 1765 987 1831 obtinere
1004 1785 1065 1832 non
1080 1769 1234 1849 ualemus,

93 1885 205 1932 eornm
226 1867 382 1952 suffragiis
405 1869 608 1951 impetremus
624 1873 802 1952 praestante
825 1871 884 1935 hoc
900 1871 1024 1936 domino
1040 1876 1146 1936 nostro
1162 1873 1234 1936 Iesu

92 1971 232 2052 Christo,
255 1973 307 2054 qui
329 1973 409 2036 uiuit
431 1974 464 2036 in
487 1974 613 2038 saecula
637 1975 842 2039 saeculorum.
877 1975 989 2040 Amen.

584 2199 748 2264 XXVIIII.

464 2359 566 2402 SERHO
589 2361 632 2402 DE
653 2359 866 2403 PRN'I'EGOS'I'E.

136 2493 249 2573 Hodie,
272 2493 385 2558 iratres
408 2495 570 2575 carissimi,
601 2497 715 2576 omnia,
739 2514 817 2578 quae
840 2495 929 2559 nobis
953 2496 1033 2560 lecta
1055 2500 1138 2576 sunt,
1161 2515 1233 2560 curn

89 2599 263 2663 festinitate
294 2599 493 2664 conueniunt.
545 2600 685 2683 psalmus
718 2601 816 2664 enim:
847 2600 958 2664 redde
988 2600 1090 2680 mihi,
1121 2601 1233 2682 inquit,

89 2703 281 2768 laetitiam
319 2703 498 2768 salutaris
536 2705 605 2785 tui,
643 2705 779 2788 spiritu
813 2705 1013 2788 principali
1051 2704 1233 2768 confirma

88 2826 163 2888 me,
193 2807 392 2891 euangelium
415 2811 535 2872 autem:
566 2809 682 2889 uenit,
713 2809 824 2890 inquit,
856 2809 1011 2891 spiritus
1042 2809 1232 2888 ueritatis,
1257 2835 1284 2872 ao

88 2911 248 2994 scriptura
259 2929 332 2975 nero
344 2912 555 2996 apostolorum
568 2915 708 2976 actuum:
724 2914 859 2995 repleti
872 2917 972 2994 sunt,
985 2913 1093 2994 inquit,
1106 2929 1231 2976 ornnes

88 3015 237 3099 spiritu
268 3019 405 3081 sancto.
452 3017 610 3100 completa
639 3019 713 3080 sunt
743 3035 816 3101 ergo
839 3017 945 3081 omnia
968 3021 1061 3099 atque
1084 3016 1230 3099 perfecta.

86 3119 235 3203 psalmus
258 3119 428 3185 aduentum
452 3121 553 3184 sancti
576 3121 703 3203 spiritus
725 3122 823 3202 petiit,
847 3121 1045 3205 euangelium
1062 3125 1231 3186 uenturum

86 3241 163 3288 esse
185 3223 339 3306 promisit,
362 3225 517 3306 scriptura
539 3224 779 3308 apostolicorum
799 3227 926 3288 actuum
947 3225 1010 3288 iam
1026 3226 1149 3290 uenisse
1165 3243 1231 3288 me-

87 3328 236 3393 morauit.
283 3329 360 3394 nihil
390 3329 494 3412 itaque
525 3329 561 3394 de
589 3347 693 3393 rerum
716 3329 893 3393 diuinarum
916 3329 1023 3394 ordine
1046 3331 1076 3394 in
1099 3331 1230 3394 lectione
1256 3354 1281 3391 25

85 3433 191 3514 deest,
214 3433 286 3515 quia
308 3434 340 3497 in
362 3433 514 3516 propheta
537 3433 711 3516 deprecatio
736 3437 792 3515 est,
816 3433 848 3498 in
872 3434 1033 3517 euangelio
1055 3433 1229 3517 promissio,

84 3539 120 3602 in
139 3535 263 3602 actibus
278 3537 447 3620 plenitudo.
480 3537 518 3603 dc
538 3537 605 3622 ipso
628 3538 712 3602 enim
735 3538 846 3621 spiritu
869 3541 976 3602 sancto
1000 3538 1095 3602 etiam
1119 3537 1229 3602 beatus

198 3708 448 3778 clausturam.
517 3709 560 3778 18]
578 3708 733 3776 Paeneo,
748 3711 786 3766 14.
851 3709 897 3779 20]
916 3708 1007 3764 loann.
1023 3711 1062 3774 16,
1077 3711 1116 3766 13.
1182 3709 1228 3778 21]

83 3799 150 3852 Act.
164 3798 191 3865 2,
203 3799 227 3853 4.
245 3799 270 3862 4,
283 3799 324 3854 31.

132 3955 153 4008 3
172 3953 254 4008 miehi
272 3953 300 4008 P
362 3957 378 4011 8
397 3952 570 4008 medicatores
587 3955 693 4024 scripsi,
712 3951 881 4006 medicatoris
900 3953 927 4008 P
994 3955 1010 4009 9
1029 3951 1185 4007 commertio
1203 3951 1231 4006 P

82 4043 164 4098 deest
180 4041 293 4096 aecem
347 4043 378 4097 16
396 4040 639 4096 termedo
656 4045 792 4110 scproeatco
809 4045 915 4096 aestuat
932 4041 963 4094 ia
981 4039 1228 4108 eumaeum·

81 4131 139 4198 (B)
159 4131 212 4182 4⁹8
228 4145 295 4184 cuer.
311 4127 531 4183 XIII-XIIII
547 4128 594 4196 soi.
613 4127 664 4182 71δ
682 4128 741 4182 εἰπε
758 4128 877 4183 mature
894 4127 1010 4196 nomiae,
1032 4127 1079 4181 red
1096 4127 1228 4182 antecedit

81 4219 223 4272 moetus
241 4231 261 4268 s.
280 4213 371 4268 Fausti
389 4213 421 4268 de
434 4213 585 4268 ascensione
604 4213 705 4268 domini
722 4214 832 4283 roasa:
850 4213 915 4266 scire
928 4211 1054 4266 debemus
1067 4209 1113 4282 [=
1128 4213 1225 4268 Esset

79 4307 159 4362 hon.
172 4301 248 4372 26]),·
267 4301 335 4357 editi
355 4307 419 4357 mat
436 4303 471 4356 ab
489 4303 560 4370 Auo.
574 4301 661 4369 Muto,
679 4301 797 4370 spitiicp.
810 4301 888 4357 Rom
906 4299 980 4354 V85
997 4315 1069 4368 app,-
1090 4315 1176 4352 sermo
1194 4299 1226 4352 de

79 4391 243 4462 pentecoste
260 4389 287 4444 R
340 4391 372 4444 19
390 4387 523 4442 laeticiam
540 4387 567 4443 R
618 4389 651 4444 27
670 4387 753 4441 sciam
772 4387 800 4442 R

140 4484 197 4527 111.
212 4483 285 4526 hunt.
1039 4477 1072 4524 22
