2920 4930
539 421 635 476 Liber
652 422 667 476 1
686 425 726 478 16.
1156 423 1196 488 51

71 601 242 680 contemptu
266 615 339 662 rens
363 599 420 678 est,
443 597 496 679 qui
518 598 680 662 remansit.
725 599 865 663 nolentes
890 599 972 662 enirn
993 597 1124 662 redemit
1146 616 1201 663 uo-

69 700 218 766 luctatum
241 705 467 766 remunerator.
512 702 612 766 iustus
642 703 727 767 enim
752 701 867 767 arbiter
890 703 966 767 deus
989 697 1199 768 uoluntarium

70 807 144 888 cupit
165 806 278 884 redire,
302 825 395 888 quem
419 824 480 870 non
504 805 641 871 inuitum
665 807 809 871 meminit
830 808 993 872 corruisse.
1028 825 1198 890 quaecum

70 908 106 973 ita
126 911 205 988 sint,
233 910 282 973 dic
305 911 393 990 mihi,
421 929 513 992 quern
538 928 556 974 a
578 911 679 994 gratia
701 911 925 994 redemptionis
954 913 1120 994 exceperit,
1147 911 1200 994 qui

70 1013 272 1079 damnationis
296 1015 442 1097 antiquae
465 1015 706 1099 chirographum
728 1017 874 1099 generale
897 1015 1022 1080 deleuit.
1130 1003 1133 1012 ’
1238 1041 1252 1080 a

70 1225 181 1270 coum
202 1227 275 1287 1100,
297 1227 381 1278 QUOD
397 1227 621 1270 nuauennlcnnt
638 1228 833 1272 SENTENTIAM
849 1229 995 1272 menterno
1010 1231 1051 1270 nn*
1066 1229 1199 1272 INPBOBO

425 1314 523 1357 SRNSU
546 1315 836 1358 lunnmnnnrt‘run.

104 1431 230 1512 Nemo,
258 1433 369 1515 inquit,
392 1433 497 1496 uenit
519 1433 562 1497 ad
585 1451 655 1512 me,
683 1433 756 1496 nisi
779 1435 898 1516 pater,
921 1433 982 1514 qui
1003 1433 1107 1497 misit
1129 1453 1197 1514 me,

69 1536 267 1600 adtraxerit
290 1555 380 1600 eum.
419 1537 488 1618 quis
508 1539 575 1600 tam
594 1533 752 1601 inmemor
769 1536 879 1600 salutis
902 1555 977 1600 snae
997 1538 1047 1616 sit,
1071 1537 1124 1618 qui
1144 1538 1198 1600 ad-

70 1639 213 1705 trahentis
237 1640 480 1704 misericordiam
503 1659 618 1724 negare
640 1642 843 1724 praesumat?
889 1641 943 1704 sed
966 1641 1019 1705 ille
1042 1660 1116 1705 uere
1140 1641 1198 1704 im-
1226 1667 1251 1707 ro

70 1745 128 1824 pins
151 1749 212 1825 est,
241 1743 294 1827 qui
317 1762 387 1808 earn
410 1762 473 1809 non
496 1743 643 1809 omnibus
665 1742 780 1828 ingeri,
811 1763 872 1809 non
895 1745 1041 1810 omnibus
1066 1747 1198 1810 testatur

70 1847 193 1930 inpendi.
237 1848 384 1913 hocloco
407 1849 540 1913 adtracti
564 1849 697 1912 salutem
721 1849 913 1913 adtrahentis
933 1853 1024 1931 putat
1044 1868 1112 1913 esse
1132 1851 1198 1913 uio-

70 1951 196 2016 lentiam.
245 1956 374 2036 apparet
399 1953 488 2016 illum
520 1970 581 2016 non
609 1971 701 2018 nosse
729 1953 788 2018 nisi
812 1957 937 2018 catenas
961 1953 1110 2018 obnoxiae
1133 1972 1198 2018 ser-

70 2055 177 2138 uitutis,
200 2057 254 2138 qni
277 2057 408 2122 denotae
432 2057 532 2122 nescit
553 2057 678 2121 uincula
699 2057 847 2122 caritatis.
892 2057 943 2122 hic
966 2062 1072 2122 autem
1096 2076 1197 2122 sermo

71 2159 183 2225 doinus
211 2161 388 2243 specialiter
414 2161 553 2244 increpat
578 2161 736 2226 hominem
764 2162 802 2225 de
829 2162 961 2244 propriis
992 2162 1050 2226 sibi
1079 2161 1198 2226 uiribus
1226 2187 1250 2227 n

71 2263 263 2349 adrogantem
286 2269 317 2330 et
340 2265 378 2329 de
401 2265 505 2330 labore
529 2284 584 2330 suo
607 2266 702 2348 impie
722 2269 984 2350 praesumentem.
1023 2285 1095 2330 cum
1118 2267 1199 2330 inter

71 2367 137 2432 haec
151 2389 232 2434 unus
248 2373 350 2434 totum
366 2368 474 2451 labori,
496 2371 575 2435 alter
591 2373 692 2434 totum
708 2371 825 2454 gratiae
845 2371 959 2434 iudicet
974 2369 1197 2454 deputandum,

71 2471 205 2555 impletur
237 2474 268 2538 in
303 2477 434 2556 utroque
465 2473 585 2538 Graeca
618 2475 788 2539 sententia:
822 2475 1053 2555 nimietates,
1087 2475 1197 2557 inquit,

71 2575 355 2660 inaequalitates
379 2583 473 2642 sunt.
498 2579 609 2642 similis
632 2577 804 2660 inprobitas
828 2583 859 2642 et
881 2595 937 2662 par
960 2597 1028 2642 esse
1050 2579 1198 2660 probatur

73 2679 215 2764 impietas,
247 2682 275 2745 si
298 2685 400 2746 totum
423 2682 480 2746 soli
503 2682 621 2766 gratiae
652 2683 700 2746 uel
726 2683 752 2746 si
782 2686 883 2746 toturn
914 2683 973 2746 soli
1003 2682 1197 2746 adscribatur
1224 2709 1250 2748 ao

72 2781 166 2850 labori.
191 2786 266 2868 quid
282 2803 339 2850 nos
355 2789 478 2869 oportet
492 2786 573 2850 inter
589 2787 651 2850 ista
666 2787 791 2866 sentire,
808 2787 869 2850 nisi
884 2790 921 2850 ut
940 2805 1064 2870 semper
1079 2787 1197 2870 gratiae

73 2887 250 2954 subiciamus
277 2889 417 2954 laborem
441 2892 473 2954 et
495 2907 618 2972 semper
640 2890 775 2974 gratiam
797 2909 869 2954 eum
892 2890 998 2954 labore
1021 2891 1196 2954 sociemus?

107 2991 161 3058 Sed
188 2999 261 3060 ante
290 2994 395 3058 omnia
422 2995 637 3078 adrogantiam
664 2995 778 3059 laboris
805 2995 996 3078 refugiamus
1023 3013 1081 3059 nec
1107 2993 1197 3058 nobis

71 3097 223 3180 quicquam
247 3098 285 3163 de
309 3099 375 3162 eius
402 3098 523 3162 meritis
550 3089 759 3180 uindicemus,
787 3117 826 3162 ne
849 3099 1054 3162 Pharisaenm
1081 3097 1196 3162 imitari

71 3203 219 3268 noniiera
245 3205 411 3268 iactantiae
438 3204 691 3286 praesumptione
717 3203 889 3267 uideamur.
938 3219 1012 3268 nam
1042 3221 1113 3266 cum
1143 3203 1195 3268 ille
1222 3229 1247 3268 aa

71 3321 149 3372 orans
175 3307 391 3372 indubitanter
414 3325 524 3372 uerum
552 3307 682 3372 diceret:
717 3307 841 3372 ieiuno
871 3306 927 3372 bis
957 3308 994 3372 iu
1024 3305 1195 3387 sabbato,

71 3409 220 3476 decimas
248 3411 292 3476 do
320 3411 496 3492 omniurn,
529 3429 780 3494 quaecumque
811 3411 999 3494 possideo,
1031 3411 1197 3475 euacuauit

70 3515 124 3578 ueri
142 3515 247 3598 fidem,
269 3515 341 3598 quia
360 3515 486 3580 uerimti
506 3515 632 3580 miscuit
648 3516 832 3580 uanitatem.
869 3532 930 3580 non
952 3532 1023 3598 ergo
1046 3516 1195 3599 operatio,

161 3671 189 3742 a]
208 3671 302 3728 roann.
316 3673 340 3736 o,
352 3673 394 3727 aa.
448 3669 494 3740 aa]
512 3669 577 3726 nae.
592 3673 631 3736 rs,
646 3673 686 3727 re.

108 3821 119 3872 l
138 3823 274 3874 contemtu
292 3819 320 3874 P
382 3821 399 3874 3
417 3817 541 3888 colhxriase
560 3818 587 3872 P
649 3821 665 3874 5
684 3817 880 3887 cyrographum
899 3818 927 3872 P
976 3819 993 3873 6
1011 3819 1126 3888 capitacli
1143 3835 1194 3873 πα-

72 3919 148 3963 m
159 3925 213 3966 non
225 3911 312 3964 mot
324 3908 355 3962 oa
367 3906 401 3974 P,
413 3907 447 3974 cs.
461 3923 529 3976 quae
540 3907 653 3976 capessat
663 3907 696 3960 in
707 3906 776 3962 libro
789 3903 913 3961 'Studien
924 3905 990 3960 atbar
1000 3905 1045 3959 da'c
1058 3905 1194 3974 Schriften

72 4015 110 4070 des
126 4017 262 4088 Faaatras’,
276 4023 373 4090 pap&
389 4025 414 4074 ct
430 4023 466 4073 22
518 4021 533 4074 7
552 4019 759 4087 interpraetatur
776 4019 804 4072 P
854 4019 870 4073 9
889 3983 1005 4071 adtraxit
1021 4018 1050 4072 P
1104 4015 1193 4071 adtre-

72 4097 152 4158 bentea
169 4107 195 4161 P
241 4109 273 4164 18
291 4109 419 4173 utrequae
438 4106 465 4160 P
509 4121 588 4174 greca
605 4107 633 4160 P
684 4108 716 4160 19
734 4103 935 4172 inaequalitates
953 4105 1059 4174 scripsi,
1078 4103 1192 4171 aequali·

73 4191 129 4244 ate
145 4191 178 4262 P,
200 4197 227 4248 et
244 4193 446 4262 inaequalitates
463 4211 480 4250 u
530 4193 620 4249 woh
638 4192 732 4246 similis
750 4191 897 4262 inprobitas
915 4210 976 4248 mon
993 4194 1044 4248 bac
1061 4193 1193 4246 mucia

73 4279 207 4338 mamae
275 4283 310 4336 20
332 4277 506 4335 asamlsbatur
527 4281 555 4334 P
622 4281 657 4336 23
679 4279 858 4349 arrogantiam
877 4281 904 4334 P
971 4281 1005 4334 24
1023 4277 1148 4332 fariseam
1167 4279 1194 4334 P

74 4361 101 4416 25
116 4369 304 4434 praesumtione
324 4367 351 4422 P
401 4369 434 4422 22
452 4366 601 4436 attrectarunt
619 4367 647 4422 P
696 4369 730 4423 28
748 4366 800 4420 uiri
819 4367 846 4422 P

1005 4451 1037 4504 4·
