2924 4924
268 446 333 513 242
718 450 784 506 IIII.
804 451 912 505 Sermo
931 453 955 508 5.

265 623 377 704 bonus,
401 624 453 705 qui
475 623 572 690 habes
588 624 680 690 bona.
704 625 805 690 bonae
821 629 895 690 sunt
916 625 1056 706 diuitiae,
1078 625 1197 691 bonum
1221 627 1270 690 est
1285 643 1390 703 aurum,

265 729 384 794 bouum
400 733 432 794 et
446 734 623 814 argentum,
646 730 746 796 bonae
762 733 908 814 familiae,
931 731 1029 796 bonae
1045 731 1270 815 possessiones.
1301 731 1392 795 omnia

264 835 326 898 ista
348 833 431 899 buca
453 838 542 916 sunt,
570 837 625 901 sed
652 837 733 901 unde
761 837 857 902 facias
885 837 972 901 bene.
1007 836 1121 902 habete
1148 835 1241 916 bona,
1269 853 1343 918 quac
1367 839 1391 898 tc

265 939 386 1004 iaciunt
400 939 528 1020 bonum,
545 959 624 1022 quae
641 946 672 1006 te
687 941 809 1006 faciunt
824 941 953 1006 malum.
989 960 1068 1023 quac
1084 945 1167 1020 sunt,
1188 941 1303 1022 inquis,
1322 941 1391 1004 ista?

226 1071 239 1108 s
264 1044 314 1108 fac
325 1043 476 1109 iudicium
489 1048 520 1108 ct
535 1045 696 1110 iustitiam.
714 1045 796 1110 buna
808 1049 891 1127 sunt,
908 1064 986 1128 quae
1002 1046 1109 1110 babes
1127 1049 1194 1110 esto
1207 1049 1240 1110 ct
1254 1049 1289 1110 tu
1305 1044 1391 1108 benus

264 1148 346 1212 inter
361 1147 444 1212 bena
459 1152 522 1212 tua.
555 1149 703 1214 erubesce
719 1149 809 1214 bonis
832 1151 907 1230 tuis
930 1149 993 1214 noli
1017 1169 1085 1214 esse
1109 1151 1211 1214 malus
1234 1151 1267 1214 in
1289 1150 1339 1229 eis,
1360 1167 1391 1210 m

264 1270 375 1334 pereas
399 1270 470 1316 cum
494 1253 548 1317 eis.
581 1254 627 1317 ita
649 1271 722 1337 erge
746 1273 857 1318 aurum
880 1259 912 1319 et
935 1259 1098 1338 argentum
1123 1253 1284 1318 distribuit
1304 1251 1409 1324 hemi,

264 1355 356 1420 nibus
385 1357 525 1421 conditur
552 1375 656 1422 rerum
685 1361 716 1421 et
738 1357 972 1422 administrator
995 1359 1081 1438 deus,
1109 1362 1145 1422 ut
1167 1359 1272 1441 ipsum
1294 1374 1392 1441 perse

264 1463 376 1525 natura
403 1465 434 1525 et
459 1480 573 1545 genere
596 1479 652 1526 suc
676 1461 793 1526 bonum
817 1463 867 1542 sit,
895 1463 984 1544 copia
1007 1481 1080 1528 uero
1104 1463 1169 1526 eius
1193 1481 1256 1528 nun
1280 1461 1393 1526 extollat

214 1591 239 1630 ιο
265 1565 362 1630 bonos
378 1583 436 1630 nec
452 1565 546 1630 elidat
565 1565 677 1649 inopia.
715 1567 815 1630 malos
832 1571 947 1647 autem,
971 1586 1043 1631 cum
1066 1566 1195 1632 offertur
1218 1567 1275 1646 eis,
1298 1583 1393 1630 excae-

265 1676 316 1734 cat
339 1673 379 1750 et,
403 1670 648 1751 camentorum,
672 1672 837 1751 excruciat,
865 1672 937 1753 quia
960 1675 1001 1751 et,
1029 1691 1101 1736 cum
1125 1671 1328 1754 adquiruntur
1347 1687 1392 1750 pe-

265 1774 385 1855 cuniae,
416 1774 529 1838 falsam
553 1774 696 1840 tribuunt
725 1775 877 1840 laetitiam
908 1781 949 1855 ct,
980 1794 1052 1840 cum
1082 1776 1267 1858 perduntur,
1297 1791 1392 1838 ueram

265 1879 427 1943 tristitiam
451 1879 678 1962 derelinquunt.

308 1983 477 2048 Discamus
506 2001 578 2067 ergo
607 2001 712 2048 amare
740 2002 830 2048 ueras
858 1984 1000 2065 diuitiae,
1031 1985 1063 2048 id
1091 1988 1139 2048 est
1165 1985 1340 2049 castitatem
1369 1983 1393 2044 et

214 2113 239 2154 15
265 2088 418 2152 iust'tiam
449 2091 480 2152 et
508 2105 618 2170 pacem
642 2091 674 2152 et
704 2088 958 2153 misericordiam.
994 2088 1073 2153 istae
1104 2088 1231 2152 diuitiae
1262 2087 1392 2152 dicuntur

266 2193 376 2272 iustae,
405 2192 477 2274 quia
499 2190 589 2257 benis
613 2193 731 2258 meritis
754 2193 907 2280 iustisque
930 2192 1120 2272 tribuuntur,
1148 2193 1219 2257 illae
1243 2210 1332 2256 uerae
1353 2189 1392 2253 di·

267 2299 380 2360 cuntur
403 2295 538 2376 diuitiae,
569 2297 651 2379 quia,
679 2299 809 2379 quisque
834 2315 886 2361 eas
909 2297 1064 2378 babuerit,
1095 2315 1156 2362 nan
1185 2297 1298 2380 egebit,
1326 2295 1391 2359 dum

266 2401 351 2465 iuxta
374 2401 550 2484 apostolum
581 2401 701 2466 habens
725 2401 845 2466 uictum
875 2406 907 2466 et
928 2402 1152 2466 uestimentum
1175 2401 1213 2465 iis
1241 2403 1391 2465 contentus

267 2508 324 2569 est.
369 2505 446 2569 istas
470 2523 541 2588 crgo
565 2505 690 2569 diuitias
718 2509 858 2570 terrenas
886 2506 1039 2570 iniustum
1062 2511 1111 2570 est
1136 2508 1247 2589 putare
1269 2503 1392 2580 diuitias,

215 2635 241 2676 so
267 2627 346 2692 quae
374 2627 435 2674 nec
459 2610 606 2674 auferunt
628 2613 809 2694 egestatem.
856 2613 943 2675 tante
967 2610 1052 2676 enim
1079 2610 1180 2694 magis
1204 2611 1332 2692 quisquc
1351 2625 1394 2670 ar·

267 2713 353 2778 debit
383 2717 531 2798 egestate,
563 2717 679 2796 quanto
710 2715 809 2799 magis
839 2715 989 2780 auaritiae
1019 2733 1072 2780 aas
1100 2715 1233 2798 diligens
1263 2709 1393 2779 habuerit

266 2819 408 2882 maiores.
458 2819 611 2900 quomodo
647 2835 719 2902 ergo
755 2822 829 2884 sunt
864 2819 1007 2901 diuitiae,
1042 2819 1157 2902 quibus
1195 2815 1394 2884 crescentibus

267 2923 379 2988 crescit
400 2923 514 3006 inopia,
538 2941 617 3005 quae
641 2922 833 2988 amatoribus
857 2924 933 3004 suis,
956 2928 1109 3006 quantum
1131 2924 1249 2988 tuerint
1264 2923 1393 2996 maiores,

267 3045 330 3091 nen
360 3027 507 3091 adferunt
536 3027 732 3108 satietatem,
768 3027 821 3092 sed
856 3027 1055 3093 inflammant
1087 3028 1313 3112 cupiditatem?
1353 3023 1395 3086 di-

214 3155 240 3194 ae
266 3132 365 3195 uitem
390 3135 424 3194 tu
446 3135 549 3214 putas,
578 3132 630 3213 qui
654 3133 757 3196 minus
781 3131 944 3216 indigeret,
973 3133 1127 3197 siminus
1154 3132 1293 3210 haberat,
1318 3127 1394 3194 uude¹

268 3235 347 3300 bene
371 3235 447 3300 dixit
470 3236 612 3318 quidam:

290 3374 427 3438 crescit
450 3392 549 3439 amer
573 3375 726 3455 nummi,
751 3379 931 3457 quantum
954 3376 1035 3459 ipsa
1057 3378 1214 3460 pecunia
1238 3374 1376 3441 crescit.

233 3525 235 3528 ·
268 3530 341 3576 cum
363 3513 513 3597 pecuniae
537 3513 621 3578 euim
644 3513 835 3578 incremento
858 3514 959 3579 rabies
975 3515 1153 3599 cupiditatis
1169 3520 1305 3600 augetur.
1328 3529 1397 3576 num

374 3685 417 3754 18]
439 3688 452 3742 1
473 3686 541 3740 Tim.
555 3689 580 3750 6,
593 3689 617 3742 8.
671 3685 717 3755 27]
736 3686 829 3742 quen.
845 3688 885 3750 14,
900 3689 956 3743 139.

314 3849 415 3907 lbonc
434 3852 463 3906 D
480 3853 579 3920 ubique
631 3851 703 3920 aet]
723 3855 764 3905 est
781 3853 852 3922 Aac
911 3851 1023 3922 3bcne]
1043 3869 1095 3907 non
1114 3869 1181 3922 quaa
1198 3857 1225 3910 te
1244 3854 1340 3908 iaciant
1357 3851 1400 3904 bu·

268 3938 409 3993 numadd.
423 3939 495 4008 Aac.
532 3936 666 3992 habitoD
705 3940 948 4010 dquaDatrcqae
961 3941 1018 3996 ῑοοο
1053 3940 1258 4009 quae-malum
1269 3941 1400 4010 emitae.

269 4028 285 4080 6
303 4024 368 4094 tuis]
388 4027 444 4078 estc
462 4023 547 4078 bonus
567 4041 708 4078 mansurus
728 4025 798 4079 inter
815 4025 885 4080 bona
902 4026 1027 4096 peritura.
1047 4026 1170 4082 erubesce
1188 4027 1265 4083 bonis
1276 4027 1328 4082 tuis
1341 4027 1402 4082 add.

269 4113 339 4184 Aac.
406 4111 535 4179 9generi
557 4112 586 4166 D
651 4111 706 4165 eius
730 4113 894 4184 Aaq.,e1)
959 4116 991 4170 10
1013 4113 1123 4169 offertur
1145 4117 1227 4186 Aac,
1249 4115 1356 4169 effertur
1378 4114 1404 4168 D

270 4229 300 4282 11
320 4227 425 4279 excecat
443 4225 472 4279 D
527 4227 557 4280 12
571 4189 716 4280 cicuitu
767 4223 896 4281 retrusa
950 4229 982 4282 rs
1001 4227 1093 4282 recu
1147 4229 1179 4284 rc
1197 4229 1305 4284 iussu
1359 4229 1404 4282 cr-

265 4310 369 4384 buntur
395 4313 425 4368 D
495 4309 539 4364 iila
566 4327 627 4364 uera
653 4313 684 4367 D
757 4315 789 4370 18
817 4311 968 4382 apostolom
993 4314 1024 4369 D
1098 4314 1198 4368 babens
1224 4316 1405 4385 mmccccl)

268 4397 320 4451 hiis
339 4401 368 4452 D
420 4401 452 4453 21
473 4396 600 4452 auaritiae
615 4403 679 4468 poet
696 4401 813 4466 egestate
831 4402 908 4456 itabat
924 4403 995 4471 Aac.
1049 4403 1083 4456 23
1101 4401 1184 4456 fuerit
1201 4403 1231 4457 D
