2920 4930
519 409 616 466 Liber
633 411 663 466 11
681 413 757 468 6-8.
1163 407 1206 474 75

82 589 221 655 hocloco
250 589 424 672 iniquitatis
454 587 594 668 assertio,
627 605 706 670 quae
735 586 769 650 in
795 586 864 669 ipsa
885 585 1060 650 conditione
1082 587 1205 668 partem

81 695 195 760 humaui
224 695 348 780 generis
375 694 558 758 damnatam
580 692 735 774 loquatur,
766 691 941 754 interserat.
980 708 1089 754 causas
1119 707 1204 770 uero,

82 819 125 864 cor
145 800 236 866 Iacob
260 799 404 864 dilexerit
426 799 502 863 deus
526 803 557 862 et
578 797 663 862 Esau
686 796 756 861 odio
778 794 933 876 habuerit,
962 793 1120 858 euidenter
1143 793 1205 859 Ge-

82 923 175 970 neseos
199 903 352 988 expressit
373 903 513 983 historie,
537 906 572 966 ut
593 901 757 985 intellegas
780 918 843 965 non
859 899 925 964 sine
942 917 1070 980 operum
1086 897 1205 962 discus-

82 1009 154 1073 sione
183 1027 241 1073 nec
272 1008 339 1073 sine
370 1008 489 1072 ratione
518 1007 684 1090 perspicua
714 1005 860 1069 diuinitus
892 1003 1139 1087 pronuntiatum,
1170 1005 1205 1066 ut
1242 1031 1256 1070 ι

81 1112 151 1177 Esau
172 1113 250 1194 odio,
274 1111 367 1178 Iacob
390 1115 496 1176 autem
519 1111 684 1176 dilectione
700 1110 748 1174 dei
764 1109 876 1193 dignus
896 1107 1071 1172 haberetur.
1111 1124 1204 1188 appa-

81 1223 195 1283 morunt
223 1219 316 1302 plane
346 1218 379 1282 in
411 1217 478 1281 uita
499 1215 592 1280 Iacob
623 1215 783 1280 euidentes
805 1231 928 1293 causae,
956 1230 1035 1294 quae
1058 1211 1204 1275 iudicium

188 2225 324 2312 <concas
349 2247 420 2306 noo,
444 2247 529 2296 ouon
552 2247 681 2289 orcunr:
706 2246 807 2289 nonus
830 2247 935 2288 rusum
958 2223 1069 2308 nonu).

115 2413 440 2430 .......
466 2365 591 2429 subto
615 2365 686 2429 erit
708 2364 899 2447 appetitus
924 2364 1002 2428 eius
1026 2367 1061 2428 ct
1083 2367 1121 2428 tu
1145 2363 1203 2428 do·

79 2468 265 2535 minaberis
290 2471 404 2534 illius.
442 2488 504 2533 non
528 2470 725 2553 superposuit
744 2469 862 2534 homini
881 2472 1045 2553 peccatum
1066 2469 1123 2532 sub
1144 2469 1203 2532 hac
1231 2498 1254 2538 rs

77 2572 262 2640 ordinationis
286 2593 361 2638 suae
384 2575 464 2658 lege,
488 2575 542 2638 scd
566 2573 711 2639 subdidit.

113 2677 184 2742 Ecce
207 2680 367 2762 piissimus
391 2678 567 2743 moderator
589 2697 773 2762 generosam
801 2697 870 2744 esse
893 2679 1020 2762 cupiens
1047 2679 1200 2742 facturam

77 2799 155 2846 snam
176 2785 270 2848 etiam
294 2787 364 2867 post
386 2785 509 2848 ruinam
533 2781 724 2864 incfinatam,
754 2783 828 2846 licet
850 2783 983 2847 hominis
1006 2783 1201 2848 uoluntatem

76 2887 158 2950 totius
187 2888 342 2971 passionis
375 2893 406 2952 et
435 2888 704 2970 concupiscentiae
732 2905 794 2951 non
821 2889 973 2952 famulam
1004 2887 1092 2952 iubet
1122 2906 1201 2968 esse,

76 2989 122 3052 sed
143 2991 308 3072 dominam,
332 2992 502 3056 seductoris
526 2993 576 3056 uel
601 2991 769 3056 amicitiam
795 2992 845 3056 uel
868 2992 1026 3074 repulsam
1050 2991 1081 3055 in
1105 3010 1200 3056 manu
1227 3018 1253 3058 sc

77 3091 195 3161 hominis
222 3097 327 3180 posuit
354 3101 448 3180 atque
478 3097 509 3160 in
534 3097 599 3160 eius
622 3097 734 3160 iudicio
757 3097 939 3162 conlocauit.
980 3097 1102 3160 uidetur
1133 3097 1201 3179 qni-

76 3197 135 3262 dam
169 3203 328 3283 utriusque
364 3201 464 3283 operis
496 3201 667 3284 appetitum
700 3201 843 3266 electioni
878 3200 976 3284 ipsius
1009 3202 1200 3283 permisisse,

76 3303 120 3366 sed
142 3305 216 3386 ideo,
240 3309 275 3370 ut
297 3307 372 3370 mali
395 3306 522 3370 licentia
544 3305 617 3371 boni
641 3307 730 3370 tieret
755 3307 862 3390 gloria.
903 3307 957 3372 sed
981 3307 1048 3372 sub
1072 3311 1107 3372 te
1131 3309 1201 3373 erit

167 3495 209 3564 14]
228 3493 294 3550 Gen.
314 3495 338 3558 4,
352 3497 374 3550 7.

108 3666 323 3736 licquebaturo
375 3670 518 3738 3quan
569 3686 695 3738 geneseus
709 3672 736 3725 P
786 3671 966 3740 dexpraessit
979 3675 1006 3727 P
1060 3673 1101 3742 ut]
1121 3689 1201 3742 quoo

73 3751 176 3807 ticceau
194 3757 221 3810 P
272 3759 287 3811 7
307 3755 382 3810 iocob
401 3757 429 3811 P
479 3760 574 3826 8poat
592 3757 722 3812 iudicium
741 3760 880 3828 permulto
902 3759 1071 3816 coarctasse
1092 3761 1199 3816 domon-

73 3841 149 3894 cccci
175 3843 205 3896 iss
231 3843 302 3899 libro
324 3841 452 3900 ‘Studien
474 3845 539 3899 older
562 3845 606 3899 dic
628 3847 767 3914 Schriften
795 3847 840 3902 dea
863 3845 993 3902 Famam*
1013 3865 1078 3918 pop.
1098 3853 1132 3904 10
1147 3867 1201 3918 aq.‚·

73 3921 161 3980 domini
179 3933 281 3984 rectum
300 3929 461 3984 omnimodis
484 3935 616 3996 asserant,
640 3931 709 3985 sicut
727 3932 792 3988 Cain
812 3931 911 3988 dicitur
928 3933 991 3988 add.
1011 3953 1027 3990 o
1114 3939 1130 3991 9
1148 3953 1199 3990 carc·

73 4027 145 4068 ueros
165 4015 224 4072 VII
238 4023 262 4072 et
283 4017 361 4071 VIII
378 4023 403 4072 et
421 4018 504 4073 uerbo
522 4017 751 4086 quid-manerat
768 4027 848 4090 atque
866 4019 1081 4075 contra-adam
1099 4023 1199 4078 addidi

72 4103 283 4170 compitaloram
299 4103 389 4158 indice
443 4107 475 4160 14
494 4103 650 4174 apetitusP
703 4109 734 4161 15
752 4105 892 4176 hominio,
909 4107 1085 4162 hominemP
1136 4107 1197 4178 hae]

73 4185 137 4238 cs
203 4191 236 4244 16
253 4188 433 4244 ordinationes
453 4191 488 4245 P¹
562 4193 594 4246 19
618 4191 712 4246 iubent
730 4193 763 4261 P,
785 4197 902 4263 sortasse
920 4193 1010 4248 iubeat
1027 4195 1198 4252 scabendum

71 4269 97 4324 ‘ll
115 4278 188 4342 atque
206 4275 235 4329 in
252 4277 360 4346 scripse
377 4277 411 4331 ad
430 4293 510 4346 quem
528 4277 556 4332 P
608 4277 772 4336 iudiciumo
822 4283 857 4338 22
875 4281 1029 4349 utriusquae
1048 4281 1076 4338 P
1130 4281 1196 4338 cleo·

72 4355 394 4434 consummatione
413 4365 441 4421 P
491 4364 629 4435 permisso
648 4367 676 4422 P
