2920 4930
258 399 301 464 52
723 403 742 458 Ι.
762 403 806 456 De
825 407 933 472 gratia

257 577 312 640 sed
342 575 443 642 cordis
474 579 567 643 elatio
598 578 782 644 declinanda
812 585 867 646 est.
919 599 1039 662 nemo,
1069 581 1184 664 inquit,
1215 582 1324 646 uenit
1354 581 1390 645 ad

256 700 325 761 me,
356 682 429 746 nisi
456 685 562 766 pater
590 683 798 748 adtraxerit
826 704 916 750 eum.
969 685 1121 767 numquid
1148 686 1235 750 uelut
1261 686 1391 750 insensi-

255 783 328 849 bilis
356 789 387 849 et
413 786 521 870 inepta
548 787 694 851 materies
722 787 760 852 de
787 789 854 852 loco
881 789 920 852 ad
947 789 1053 854 locum¹
1084 789 1256 854 mouendus
1287 792 1340 853 est
1365 793 1391 851 et

255 889 446 954 trahendus?
491 891 545 954 sed
569 891 734 956 adsistenti
757 896 788 957 et
810 893 933 958 uocanti
956 894 1080 958 domino
1104 893 1241 958 famulus
1264 911 1390 956 manum

215 1021 228 1061 e
255 993 340 1075 fidei,
364 1012 426 1076 qua
448 995 640 1077 adtrahatur,
668 997 807 1061 extendit
830 1001 860 1061 et
885 997 972 1062 dicit:
996 997 1119 1078 credo,
1148 997 1307 1076 domine,
1338 995 1391 1061 ad·

254 1097 341 1163 iuna
363 1099 667 1164 incredulitatem
691 1119 819 1165 meam.
859 1105 890 1166 et
909 1103 954 1166 ita
973 1121 1007 1166 se
1027 1101 1087 1166 duo
1107 1102 1168 1166 ista
1189 1103 1389 1185 coniungunt,

255 1202 446 1266 adtrahentis
475 1203 575 1268 uirtus
607 1207 638 1268 et
668 1203 860 1270 oboedientis
887 1205 1032 1286 affectus,
1065 1205 1217 1288 quomodo
1246 1205 1273 1270 si
1300 1223 1390 1290 aeger

255 1307 365 1389 aliquis
397 1307 563 1393 adsurgere
595 1313 723 1374 conetur
754 1313 784 1374 et
814 1311 947 1375 facultas
978 1311 1118 1376 animum
1149 1329 1210 1375 uon
1246 1315 1390 1392 sequatur

254 1416 286 1476 et
305 1417 467 1496 propterca
487 1412 547 1478 sibi
567 1415 683 1498 porrigi
699 1415 857 1480 dexteram
875 1414 1065 1499 deprecetur.
1100 1416 1215 1480 clamat
1234 1415 1389 1492 noluntas,

203 1543 228 1581 ro
254 1516 326 1597 quia
348 1517 415 1582 sola
437 1535 491 1600 per
515 1537 547 1581 se
572 1519 687 1583 eleuari
710 1520 810 1584 nescit
832 1518 1006 1584 infirmitas
1046 1520 1090 1584 ita
1112 1519 1256 1584 dominus
1279 1519 1390 1584 inuitat

253 1620 427 1702 uolentem,
456 1621 591 1686 adtrahit
614 1623 856 1704 desiderantem,
886 1624 978 1707 erigit
1000 1623 1201 1688 adnitentem.
1247 1623 1391 1704 quidest

254 1729 359 1788 autem
379 1725 542 1790 adtrahere
566 1727 627 1790 nisi
646 1727 833 1808 praedicare,
857 1728 917 1792 nisi
936 1729 1159 1810 scripturarum
1174 1727 1390 1792 consolationi·

253 1825 312 1892 bus
343 1831 486 1910 excitare,
510 1830 774 1914 increpationibus
794 1833 959 1913 deterrere,
983 1831 1186 1896 desideranda
1209 1849 1389 1914 proponere,

254 1933 407 1997 intentare
432 1935 611 2014 metuenda,
634 1935 781 2000 iudicium
806 1937 997 2016 comminari,
1026 1937 1199 2019 praemium
1229 1935 1389 2018 polliceri?

200 2061 225 2102 15
295 2036 378 2100 Audi
401 2037 561 2102 dominum
587 2057 648 2102 non
671 2039 756 2103 duris
780 2039 924 2120 nexibus,
952 2040 1006 2104 sed
1029 2041 1095 2122 spei
1118 2038 1263 2104 manibus
1287 2040 1390 2103 adtra-

251 2141 380 2206 hentem
404 2145 434 2205 ct
456 2142 628 2206 dilectionis
655 2143 789 2208 brachiis
817 2144 1018 2225 innitentem,
1046 2145 1127 2209 siout
1153 2144 1197 2208 ait
1225 2144 1389 2228 propheta:

252 2245 397 2309 adtraxi
429 2262 489 2308 eos
518 2246 555 2309 in
585 2247 749 2312 uinculis
780 2249 968 2328 caritatis,
1004 2252 1036 2312 ct
1058 2248 1149 2312 illud:
1180 2251 1265 2330 post
1292 2251 1327 2312 te
1354 2249 1389 2310 in

252 2349 398 2414 odorem
426 2353 701 2433 unguentorum
727 2354 874 2416 tuorum
906 2369 1106 2416 curremus.
1145 2356 1176 2416 et
1202 2351 1270 2416 ideo
1302 2351 1389 2415 dicit:

251 2454 378 2518 uenite
401 2454 519 2518 adme
542 2473 683 2536 omncS,
707 2455 768 2537 qni
788 2455 971 2520 laboratis
995 2459 1032 2520 et
1053 2456 1198 2522 onerati
1222 2455 1330 2534 estis,
1354 2457 1390 2517 et

200 2585 226 2622 ιο
253 2575 318 2641 ego
341 2557 510 2622 reficiam
533 2576 612 2638 uos,
641 2579 680 2624 ne
703 2560 786 2624 ullus
810 2577 955 2624 excusare
979 2579 1012 2624 se
1035 2559 1134 2642 possit
1157 2559 1314 2639 exclusus,
1337 2559 1391 2641 qui

252 2663 448 2726 conuincitur
468 2663 627 2727 inuitatus
667 2663 739 2728 licet
762 2665 844 2728 enim
869 2683 930 2729 non
953 2682 1062 2728 omnes
1085 2663 1314 2728 oboedientiam
1337 2681 1390 2725 ex-

251 2765 402 2830 hibituros
430 2785 498 2830 csse
525 2771 756 2849 praenosceret,
784 2767 929 2832 omnibus
958 2772 1063 2832 tamen
1087 2772 1119 2832 et
1140 2767 1220 2832 uelle
1245 2771 1276 2832 et
1297 2785 1389 2849 posse

252 2869 430 2934 donauerat.
476 2871 623 2935 hocloco
647 2871 809 2936 sollicitius
831 2872 1021 2954 requiratur,
1050 2876 1154 2936 ntrmn
1182 2871 1312 2953 quisque
1335 2870 1390 2933 ad-

253 2975 333 3038 trahi
355 2975 433 3038 uelit
456 2993 495 3038 an
519 2975 604 3040 nolit.
651 2976 678 3040 si
705 2994 767 3040 non
795 2977 878 3056 uult,
910 2975 1051 3040 absolute
1078 2975 1274 3040 adtrahentis
1301 2975 1390 3038 beni-

200 3102 225 3142 ra
252 3078 422 3142 nolentiam
453 3097 515 3142 non
547 3083 691 3143 meretur.
739 3081 765 3143 si
793 3083 897 3144 autem
926 3081 1009 3160 uult,
1046 3099 1116 3144 ecoe
1143 3081 1204 3143 iarn
1233 3097 1306 3142 cum
1331 3079 1389 3141 deo

253 3185 284 3245 et
314 3182 448 3247 hominis
479 3201 649 3248 cousensus
676 3189 867 3266 cooperatur.
913 3202 1033 3264 nemo,
1063 3184 1180 3266 inquit,
1213 3184 1316 3247 uenit
1345 3182 1390 3245 ad

253 3305 322 3366 me,
357 3287 428 3350 nisi
458 3291 564 3370 pater
594 3287 801 3353 adtraxerit
836 3307 925 3352 eum.
987 3287 1140 3370 quomodo
1171 3287 1390 3352 adtrahentem

253 3389 354 3470 uidae,
382 3409 436 3454 cur
459 3392 638 3456 dissimulas
666 3393 770 3456 uidere
794 3393 993 3458 uenientem?
1021 3397 1053 3458 et
1075 3393 1144 3458 ideo
1167 3393 1248 3456 sicut
1270 3392 1389 3476 gratiae

253 3497 301 3558 est
328 3495 408 3577 quod
436 3496 623 3578 adtrahitur,
651 3497 695 3561 ita
722 3497 936 3562 oboedientiae
963 3497 1112 3580 probatur
1136 3515 1204 3562 esse
1231 3497 1313 3578 quod
1339 3515 1390 3560 se-

199 3623 226 3663 eo
252 3598 364 3680 quitur.
411 3600 487 3664 haec
509 3600 701 3664 adtrahentis
725 3601 775 3664 dei
799 3601 1008 3665 misericordia
1031 3602 1057 3666 si
1081 3601 1182 3684 dignis
1206 3601 1308 3682 datur,
1333 3600 1390 3663 ad-

252 3703 359 3783 uertiS,
383 3703 454 3785 quia
477 3705 539 3768 iam
563 3709 593 3768 et
613 3706 716 3770 studio
736 3705 892 3770 humanae
913 3709 1080 3788 utcumque
1101 3705 1260 3770 seruitutis
1280 3706 1391 3789 inpen-

355 3899 383 3970 5]
401 3901 573 3968 urracae.
640 3903 853 3971 luceant.
912 3903 1063 3970 oanaaa.
1119 3903 1388 3974 reJmtuuuaa.

294 4083 437 4138 ildextora
459 4085 486 4138 P
572 4083 744 4153 depraecetur
761 4086 789 4140 P
877 4089 908 4142 15
926 4087 982 4156 spei
1000 4105 1086 4144 omo
1175 4089 1206 4142 18
1224 4087 1354 4140 currimus
1373 4104 1392 4140 o

251 4172 286 4225 23
308 4169 458 4226 sollicitae
527 4169 654 4239 quisquae
677 4173 704 4226 P
773 4175 806 4228 24
829 4173 903 4242 uellit
927 4175 954 4228 P
1023 4173 1101 4228 nollit
1124 4173 1151 4228 P
1218 4173 1392 4229 asaolitamv

252 4258 285 4312 25
304 4257 363 4325 deo]
384 4257 419 4309 do
438 4257 470 4324 P,
490 4255 570 4312 deso
639 4261 673 4313 26
696 4261 852 4328 cooperatur
872 4261 980 4329 serpsi,
1001 4259 1156 4330 ltjllopcratur
1173 4259 1207 4328 P,
1230 4264 1355 4330 operatur
1374 4278 1392 4315 c

252 4347 286 4398 28
304 4360 372 4411 quur
390 4345 417 4398 P
468 4347 500 4400 31
521 4347 679 4414 utcumquae
698 4347 726 4400 P
776 4347 940 4416 impenditur
957 4348 986 4402 P
