2954 4930
216 391 279 456 344
617 391 682 444 ΠΠ.
702 390 812 470 Sermo
830 394 938 448 30-31.

260 566 410 648 Quamuis
444 585 496 632 cor
525 571 668 632 uestrum
698 567 736 632 ad
766 567 954 632 audiendum
983 567 1116 633 uerbum
1145 567 1195 632 dei
1224 567 1352 649 spiritns

217 674 345 737 sanctus
368 689 492 755 sempor
516 671 675 752 accendat,
697 673 741 736 ita
763 677 799 737 ut
821 673 871 737 uix
894 672 1015 756 possint
1030 675 1135 737 uestra
1150 675 1258 736 sancta
1272 671 1353 736 desi-

217 775 302 840 deria
330 775 447 856 satiari,
477 778 584 840 tamen
613 775 840 860 prouidendum
870 779 927 857 est,
957 779 993 841 nt
1014 777 1060 841 ita
1081 775 1169 840 uerbi
1191 776 1241 840 dei
1262 794 1354 859 prae-

217 880 328 944 dicatio
351 883 553 962 temperetur,
576 884 612 944 ut
633 879 722 944 uobis
745 881 858 964 iugiter
880 881 1047 945 desiderari
1070 883 1102 944 et
1116 899 1239 963 semper
1253 880 1354 964 possit

181 1013 193 1052 a
218 983 334 1068 augeri.
380 983 448 1048 ideo
471 985 534 1048 iam
557 985 628 1066 ista,
659 1002 738 1067 quae
761 985 844 1050 diota
867 989 950 1065 sunt,
977 985 1098 1050 caritati
1120 989 1242 1049 nestrae
1265 984 1354 1049 suifi-

217 1089 310 1153 oiant.
357 1091 389 1152 et
419 1089 491 1170 quia
521 1089 636 1171 aliquid
667 1090 704 1154 de
734 1108 877 1155 sermone
900 1091 960 1154 isto
983 1089 1072 1154 nobis
1095 1089 1281 1154 credidimus
1303 1108 1354 1152 re-

218 1193 417 1273 seruandum,
448 1193 475 1256 si
506 1193 677 1257 secundum
704 1197 845 1258 uestram
867 1194 1124 1259 consuetudinem
1147 1194 1196 1258 dic
1218 1193 1354 1258 crastina

218 1296 370 1360 maturius
398 1297 615 1378 conueneritis,
643 1296 762 1380 absque
785 1299 889 1380 aliqua
911 1299 1104 1364 lassitudine.
1118 1298 1277 1362 matutinis
1301 1316 1355 1360 ex·

217 1400 341 1484 plicitiS,
373 1401 455 1482 quod
481 1421 517 1465 ex
540 1402 694 1467 industria
714 1407 911 1467 reseruatum
934 1407 991 1483 est,
1021 1402 1152 1470 audietis
1174 1405 1354 1486 praestante

167 1533 192 1572 ιο
219 1505 343 1569 domino
373 1508 478 1571 nostro
508 1505 580 1570 Iesu
604 1505 739 1588 Christo,
769 1507 817 1570 oui
847 1511 895 1571 est
923 1507 1020 1572 honor
1046 1507 1079 1571 in
1101 1507 1224 1572 saecula
1244 1523 1356 1570 saecu·
1475 1493 1476 1576 1

217 1609 328 1674 lorum.
366 1608 478 1674 Amen.

730 1767 846 1832 XXXI.

558 1911 659 1954 SERMO
682 1913 724 1954 DE
747 1913 869 1955 summu
892 1911 1019 1955 amaru.

263 2027 351 2109 Quod
374 2028 411 2094 de
431 2028 594 2093 diuinitate
610 2032 710 2095 sancti
725 2031 854 2114 spiritus
868 2031 1016 2096 hesterna
1031 2031 1079 2095 die
1095 2031 1214 2095 caritati
1229 2031 1359 2095 uestrae

168 2161 193 2202 ra
220 2133 428 2214 seruauimus,
459 2152 553 2214 nunc,
584 2134 611 2197 si
633 2134 756 2215 iubetis
780 2153 851 2199 oum
875 2135 996 2200 silentio
1020 2139 1052 2199 et
1074 2136 1177 2217 quiete
1203 2137 1358 2217 oportune
1475 2129 1476 2158 ¹

219 2237 271 2302 uel
294 2255 428 2321 congrue
452 2238 557 2302 audire
580 2240 720 2320 potestis.

264 2341 344 2406 Cum
374 2341 499 2424 spiritus
532 2343 631 2406 sancti
660 2361 826 2426 personam
856 2343 1013 2427 propriam
1044 2343 1293 2408 demonstremus
1324 2349 1358 2408 et

219 2449 342 2527 patrem
372 2445 576 2510 confiteamur
605 2448 790 2531 ingenitum,
820 2447 920 2512 filium
943 2466 1016 2512 uero
1040 2465 1263 2532 cognoscamus
1286 2447 1358 2511 nni·
1475 2533 1476 2536 Ἴ

220 2549 370 2634 genitum,
401 2551 524 2632 quaeris
555 2569 657 2632 ame,
688 2555 793 2616 utrum
825 2552 950 2636 spiritus
981 2555 1107 2616 sanctus
1134 2552 1293 2636 ingenitus
1315 2569 1357 2616 an

169 2685 195 2724 ro
221 2653 347 2738 genitus
378 2672 417 2718 an
447 2655 521 2736 quid
550 2655 634 2720 aliud
661 2655 855 2721 confitendus
879 2657 928 2721 sit.
974 2656 1146 2740 scripturae
1169 2658 1295 2720 sanotae
1317 2655 1357 2719 de
1475 2715 1476 2736 ,

219 2759 362 2842 potentia
391 2762 422 2823 et
452 2759 568 2824 deitate
598 2761 724 2843 spiritus
748 2761 847 2826 sancti
869 2761 1047 2844 loquuntur,
1077 2763 1182 2825 utrum
1205 2777 1280 2824 uero
1303 2779 1359 2844 ge-

221 2865 305 2928 nitus
336 2863 396 2928 dici
426 2863 538 2928 debeat
568 2882 607 2929 an
637 2865 808 2949 ingenitus,
843 2884 904 2931 non
935 2867 1113 2948 loquuntur.
1159 2865 1244 2945 uide,
1278 2881 1358 2946 quas

222 2967 281 3032 sibi
304 2967 450 3032 tenebras
473 2968 640 3033 infidelitas
663 2970 746 3034 facit.
786 2971 919 3035 nonnis
942 2971 1030 3050 scire,
1054 2969 1135 3051 quod
1158 2969 1233 3034 dens
1256 2968 1360 3033 noluit

221 3072 367 3156 ignorari,
399 3075 429 3136 et
456 3073 505 3137 nis
528 3073 616 3153 scire,
648 3074 730 3155 quod
752 3092 814 3138 non
837 3074 929 3138 iussit
950 3073 1073 3156 inquiri.
1121 3091 1182 3138 non
1205 3073 1282 3137 dixit
1302 3091 1362 3156 ge-

170 3204 195 3244 rs
222 3177 334 3256 nitum,
369 3195 407 3240 ne
437 3175 537 3240 filium
568 3177 719 3258 crederes,
750 3196 813 3243 non
843 3178 920 3242 dixit
948 3178 1134 3262 ingenitum,
1166 3197 1204 3242 ne
1234 3180 1362 3260 patrem

221 3283 358 3362 putares,
382 3280 436 3344 sed
459 3281 498 3344 ad
522 3282 674 3346 essentiae
698 3282 929 3347 distinctionem
944 3283 1109 3366 procedere
1130 3300 1201 3346 eum
1218 3299 1252 3344 ex
1267 3284 1363 3363 patre

223 3387 356 3449 testatus
380 3389 437 3465 est,
461 3385 542 3450 sicut
563 3385 711 3468 legimus:
743 3387 970 3470 paracletus,
1001 3388 1061 3468 qui
1088 3405 1129 3450 er
1151 3391 1254 3470 patre
1275 3403 1365 3467 pro·

222 3489 331 3552 cedit.
367 3507 445 3571 quac
468 3508 540 3554 oum
563 3491 635 3571 sint,
659 3492 709 3556 uel
733 3492 777 3555 sic
798 3509 932 3575 agnosce
955 3491 1098 3574 spiritum
1121 3493 1262 3554 sanctum
1284 3505 1366 3570 pro-

222 3593 323 3676 priam
353 3593 469 3658 habere
499 3612 675 3676 personam.
728 3599 851 3679 praeter
881 3595 958 3659 duos
990 3613 1058 3658 esse
1088 3595 1217 3659 tertium
1245 3591 1368 3675 probat

170 3725 196 3766 ao
223 3697 388 3762 diuersitas
419 3698 565 3780 nomime,
595 3699 814 3782 procedentem
845 3718 881 3763 ex
911 3699 967 3762 deo
997 3716 1059 3763 non
1087 3717 1155 3762 esse
1178 3697 1278 3762 ordine
1299 3699 1367 3762 uel

326 3888 371 3958 27]
390 3887 483 3942 Ioann.
498 3891 538 3952 15,
551 3891 592 3944 26.

268 4083 301 4138 13
318 4080 415 4135 omelia
433 4081 465 4135 de
484 4081 579 4151 spiritu
598 4084 688 4136 saneto
706 4083 734 4138 R
788 4084 819 4136 11
838 4097 969 4152 cum-p.
982 4075 1372 4150 345,15noluit]es.Fauar.

224 4169 256 4224 de
272 4169 338 4238 spir.
351 4187 373 4224 a.
381 4187 411 4238 p.
425 4171 484 4236 115,
496 4173 639 4236 8-116,8
709 4171 741 4224 19
759 4167 876 4238 quaeris]
895 4167 990 4236 aliquis
1008 4167 1113 4224 11111111
1182 4169 1212 4222 21
1230 4164 1376 4222 loannem

223 4257 251 4311 R
267 4262 379 4325 atroque
397 4257 454 4312 loco
524 4254 864 4324 acqu0d1deusauo.1r
932 4257 964 4310 27
982 4253 1135 4323 paraclytus
1153 4255 1245 4311 cociam
1261 4252 1319 4316 qui
1342 4256 1377 4312 R

222 4343 257 4398 28
274 4342 347 4412 curn]
366 4341 404 4396 ita
422 4342 484 4396 add.
500 4342 527 4398 R
578 4345 612 4397 29
630 4344 718 4412 prater
735 4342 762 4398 R
