2920 4928
209 421 233 473 X
660 420 899 488 prolegomena.

209 596 268 660 sibi
291 597 412 679 parauit
435 597 635 660 concionibus
659 597 709 660 uel
729 596 1010 678 praedicationibus
1031 595 1191 676 habendis,
1215 613 1348 676 quarum

209 701 377 765 identidem
393 701 584 766 mentionem
601 701 676 765 lacit
692 701 834 766 Sidonius
851 700 955 764 dicens
972 719 1044 764 eum
1060 701 1205 764 Lerinum
1222 699 1347 782 saepius

209 806 332 869 uenisse
349 824 421 870 cum
445 806 483 869 ad
507 806 589 870 uitae
612 805 767 868 solitariae
790 804 893 870 officia
915 804 1117 868 instauranda
1133 807 1200 868 tum
1224 803 1263 867 ad
1284 803 1350 866 fra·

209 909 308 974 tribus
331 909 554 974 Lerinensibus
577 909 818 992 praedicandum
842 908 952 992 (carm.
969 909 1044 972 XVI
1069 906 1132 971 104
1146 908 1239 991 sqq.)‚
1262 907 1348 971 Reiis

209 1015 392 1097 saepissime
421 1014 634 1078 contionatum
662 1033 730 1078 esse
759 1012 845 1095 (ibid.
866 1013 927 1076 124
943 1013 1025 1096 sqq.)
1052 1013 1203 1094 festisque
1230 1011 1350 1075 hebdo-

210 1117 383 1182 madalibus
400 1118 544 1202 Lugduni
565 1119 596 1182 in
621 1119 751 1182 eeclesia
774 1135 793 1180 a
815 1118 957 1181 Patiente
975 1117 1178 1199 Lugduueusi
1201 1116 1348 1198 episcopo

209 1221 370 1286 aedificata
401 1225 432 1286 et
463 1223 604 1286 dedicata
633 1223 827 1304 perorauisse
858 1222 1047 1304 collegarum
1078 1224 1348 1284 sacrosanctorum

209 1331 319 1410 rogatu
343 1325 694 1409 exoratum(p.33,15
717 1329 748 1390 et
775 1323 881 1405 1529
905 1325 964 1408 L.).

251 1431 316 1494 Nec
344 1449 416 1494 uero
444 1429 586 1495 Sidomus
614 1431 699 1496 solus
728 1430 879 1494 Faustum
908 1429 1005 1494 tantis
1033 1429 1178 1495 laudibus
1209 1429 1253 1512 (in
1281 1429 1349 1511 epi-

209 1536 299 1600 stulis
319 1535 413 1598 VHII
433 1533 454 1596 3
475 1539 506 1598 et
526 1533 545 1596 9
567 1539 597 1598 et
617 1535 754 1599 carmine
775 1535 864 1618 XVI)
885 1535 1014 1615 extollit,
1039 1535 1093 1599 sed
1109 1535 1250 1599 Ruricius
1270 1551 1350 1615 quo-

209 1655 268 1721 quc
289 1639 451 1721 episcopus
468 1639 693 1704 Lemouicenus
714 1640 785 1722 plus
806 1639 901 1702 semel
922 1640 954 1703 in
974 1639 1082 1704 laudes
1103 1639 1233 1703 senioris
1255 1639 1350 1702 amici

209 1744 382 1826 prorumpit
405 1743 456 1826 (cf.
475 1745 623 1826 epistulas
647 1743 761 1822 Ruricii
784 1743 800 1806 Ι
824 1741 840 1804 l
864 1747 894 1808 et
914 1742 958 1826 2),
982 1761 1077 1826 quare
1100 1761 1162 1808 nou
1185 1743 1349 1822 miramur,

209 1848 290 1929 quod
314 1847 449 1911 Faustus
473 1867 536 1911 uua
558 1867 630 1911 cum
650 1847 779 1912 Leontio
799 1847 986 1928 Arelatensi,
1008 1847 1125 1913 Graeco
1146 1847 1350 1926 Massiliensi,

209 1952 324 2016 Basilio
348 1949 538 2035 (Aquensit)
561 1970 580 2015 a
602 1952 722 2034 Nepote
745 1953 930 2035 imperatore
953 1953 1075 2036 legatus
1099 1955 1156 2032 est,
1180 1956 1215 2015 ut
1236 1969 1350 2035 pacem

209 2075 281 2119 cum
308 2055 418 2120 Furioo
446 2056 617 2120 Gothorum
645 2077 717 2140 rege
746 2074 827 2120 auno
854 2055 919 2118 414
946 2061 1155 2140 componeret,
1183 2057 1221 2120 cl.
1243 2055 1348 2122 Sidon.

209 2182 238 2244 p.
258 2158 453 2240 110‚14L.:
474 2181 537 2244 per·
557 2182 615 2222 uos
635 2159 723 2222 mola
735 2158 912 2244 foedorum
927 2170 1079 2238 currerit,
1098 2181 1161 2245 per·
1180 2181 1238 2222 uos
1254 2159 1352 2245 reperi

209 2264 382 2348 utrimque
400 2275 501 2349 pacta
525 2263 786 2348 condicionesque
805 2274 995 2350 portantur.

253 2371 404 2434 Faustum
433 2389 541 2434 senem
570 2371 602 2434 in
630 2371 773 2434 exsilium
801 2371 935 2434 missum
963 2389 1032 2434 esse
1061 2389 1096 2433 ex
1119 2370 1216 2452 ipsius
1239 2370 1350 2433 Fausti

210 2474 353 2557 epistulis
383 2475 591 2557 comperimus
620 2474 672 2557 (cf.
694 2494 723 2557 p.
745 2471 1217 2557 196,1.211,12.218‚16)¹)
1245 2491 1350 2554 neque

209 2578 425 2661 improbabilis
446 2583 494 2643 est
514 2579 691 2643 coniectura
710 2578 848 2642 uirorum
868 2579 1030 2642 doctorum
1046 2579 1085 2643 ab
1102 2579 1212 2642 Eurico
1229 2577 1351 2644 Gotho-

209 2701 279 2747 rum
295 2703 378 2767 rege,
395 2702 466 2746 cum
482 2685 507 2747 is
520 2683 646 2746 Arelate
663 2687 695 2746 et
706 2683 881 2747 Massiliam
898 2703 925 2747 a.
938 2683 1001 2746 411
1015 2687 1197 2766 occupasset
1209 2682 1349 2764 (Iordan.

190 2853 192 2858 .
210 2786 278 2852 Get.
295 2787 360 2868 41),
377 2788 543 2852 Reieusem
560 2805 681 2870 quoque
698 2788 859 2852 ciuitatem
875 2788 1040 2852 subactam
1056 2807 1123 2852 esse
1140 2791 1171 2852 et
1182 2787 1350 2868 Faustum,

211 2893 263 2973 qui
290 2891 478 2956 Ariauorum
506 2892 661 2956 haeresim
689 2893 966 2958 uehementissime
997 2893 1029 2957 in
1059 2893 1146 2956 libris
1177 2893 1214 2955 de
1244 2891 1352 2975 gratia

210 2997 302 3079 paulo
333 3001 405 3060 ante
435 2996 551 3079 publici
581 2998 655 3060 iuris
685 2997 776 3061 tactis
804 2998 1030 3081 impugnasset,
1057 2997 1124 3079 regi
1146 2995 1263 3060 Ariauo
1293 3014 1352 3058 su-

211 3105 353 3181 spectum
377 3101 481 3164 exsilio
505 3119 620 3184 poenas
644 3101 775 3166 dedisse.
815 3121 877 3166 nou
901 3105 1006 3165 autem
1030 3101 1134 3181 uideo,
1163 3119 1217 3164 our
1240 3119 1276 3164 er
1298 3097 1353 3164 Si-

211 3205 293 3268 donii
321 3205 358 3268 de
382 3205 490 3268 Fausti
519 3207 624 3270 exsilic
648 3207 771 3269 silentio
795 3211 866 3288 post
889 3205 1004 3270 Sidonii
1027 3208 1160 3269 mortem
1184 3223 1210 3268 a.
1228 3200 1291 3266 419
1314 3203 1353 3268 id

210 3311 336 3373 demum
360 3310 508 3373 accidisse
531 3328 603 3373 oum
618 3309 774 3373 Kruschio
794 3313 950 3391 putemus.
989 3313 1065 3391 quot
1088 3310 1172 3373 cuim
1195 3307 1354 3392 epistulae

210 3416 334 3477 exstant
354 3431 372 3477 a
392 3413 516 3478 Sidonio
531 3417 601 3495 post
616 3433 731 3478 anuum
748 3413 810 3476 411
828 3415 982 3495 scriptae?
1006 3415 1032 3476 si
1049 3415 1121 3495 quid
1137 3413 1235 3493 uideo,
1256 3413 1355 3494 quiu-

211 3537 269 3599 que
290 3521 414 3582 tantum
435 3519 587 3600 epistulae
604 3519 789 3582 nouissimos
805 3517 876 3582 libri
891 3519 975 3598 uoui,
995 3536 1073 3600 quae
1089 3523 1194 3582 tamen
1212 3517 1354 3600 produnt

211 3621 372 3686 Sidonium
389 3641 450 3687 nou
467 3624 600 3706 amplius
617 3642 665 3686 res
682 3623 713 3686 in
729 3623 829 3705 patria
844 3627 949 3706 gestas
973 3625 1145 3701 curantem,
1169 3622 1223 3684 sed
1246 3639 1352 3704 nugas

212 3730 407 3790 tractantem.

257 3935 275 4003 ¹)
293 3934 413 3988 Alteram
426 3933 526 3986 Ruricii
542 3931 716 4000 epistularum
736 3930 769 3984 ad
782 3931 909 3984 Faustum
924 3931 1045 3984 datarum
1059 3931 1083 3998 (I
1096 3931 1168 3998 21111
1182 3930 1350 3986 exsrdantem

212 4022 339 4092 scriptam
364 4037 418 4074 esso
437 4019 585 4072 Kruschius
608 4019 740 4073 immerito
765 4021 854 4070 eerrset
875 4023 981 4088 propter
1004 4017 1085 4071 uerba
1102 4019 1138 4088 (p.
1152 4021 1210 4082 355,
1226 4020 1261 4086 ll:
1288 4021 1352 4088 lpse

211 4111 321 4164 ueniam
339 4109 432 4174 tribue,
455 4107 512 4175 ipse
529 4107 638 4160 1111111111
661 4107 809 4174 deprecare,
831 4112 869 4172 111,
893 4123 968 4175 puero
986 4107 1021 4159 111
1036 4107 1215 4175 pereprino
1231 4108 1325 4174 patri
1331 4127 1350 4161 α

211 4197 335 4266 appellas
358 4196 477 4258 liberam,
505 4195 702 4263 inproprie
721 4195 811 4262 poscis
833 4193 924 4247 uidere
948 4193 1097 4260 liberatum,
1125 4208 1184 4245 cum
1212 4191 1294 4244 uerba
1315 4195 1352 4246 111

211 4285 354 4352 pereprr'ao
373 4283 468 4350 patria
491 4279 522 4333 do
547 4281 596 4333 hoc
620 4280 728 4342 mundo,
752 4280 832 4332 uerba
854 4282 884 4334 111
904 4281 1020 4348 propotu
1045 4279 1077 4332 de
1099 4279 1171 4332 eaelo
1194 4279 1235 4332 uel
1259 4281 1350 4346 patria

213 4369 319 4422 caelesti
338 4367 522 4436 intellegamus
541 4384 644 4420 neeesse
663 4368 704 4420 sit.
