2920 4928
281 391 356 445 XLII
727 395 968 463 Prolegomena.

281 572 316 631 ut
338 569 434 632 altero
457 569 584 632 alterius
612 570 750 634 familiae
777 571 881 634 codice
908 572 1002 636 simul
1029 572 1168 635 adhibito
1195 573 1246 635 uix
1274 572 1400 635 dubitare

279 673 391 755 possm,
420 673 494 754 quid
525 691 648 755 quoquc
678 675 744 739 loco
772 674 969 738 scribendum
997 675 1047 740 sit.
1093 676 1147 739 sed
1175 675 1291 740 cumV
1319 675 1400 738 finem

280 777 351 841 libri
374 777 502 841 secundi
526 777 563 841 de
587 778 698 860 spiritu
722 783 829 843 sancto
852 797 913 842 non
938 779 1089 860 exhibeat,
1113 780 1151 844 ad
1173 780 1255 844 hanc
1277 777 1402 863 opusculi

279 881 441 945 Faustieni
463 885 584 965 partem
608 883 830 947 recensendam
854 883 948 947 ctiam
965 883 1122 948 codicisR
1144 884 1293 948 lectiones
1309 887 1402 946 enota-

280 985 383 1048 uimus
406 985 508 1050 codice
524 986 560 1066 P,
583 987 637 1068 qui
659 988 724 1068 ipse
748 1005 845 1069 aeque
868 991 961 1069 atque
984 1006 1092 1054 omncs
1115 988 1227 1070 reliqui
1249 985 1400 1072 praeterll

280 1089 486 1172 interpolatus
521 1094 578 1170 est,
615 1091 773 1155 deterioris
808 1091 1008 1173 eiusdemque
1042 1092 1191 1172 iamihae,
1225 1093 1279 1174 qui
1308 1095 1401 1156 tomen

280 1193 364 1258 utilis
388 1198 436 1258 est
463 1195 500 1258 ad
525 1195 765 1276 diiudicandum,
794 1201 899 1260 utrum
923 1197 1063 1280 singulae
1085 1197 1236 1262 lectiones
1263 1194 1402 1260 codicisP

281 1297 320 1361 ad
336 1298 538 1382 archetypum
560 1317 760 1364 communem
780 1301 919 1381 redeant,
942 1319 981 1364 an
996 1301 1120 1365 librario
1140 1301 1205 1364 sint
1223 1299 1401 1364 tribuendae.

322 1400 370 1466 Ac
391 1403 528 1467 codicem
544 1404 723 1468 Palatinum
736 1405 763 1468 V
779 1405 889 1469 ceteris
905 1405 1050 1470 omnibus
1065 1404 1152 1469 libris
1167 1403 1307 1470 bonitale
1321 1405 1402 1485 longo

279 1511 438 1588 praestare
453 1507 588 1590 primum
604 1508 675 1572 inde
691 1509 857 1592 colligitur,
877 1509 959 1591 quod
974 1529 1055 1573 unus
1070 1509 1242 1594 genuinum
1258 1507 1402 1592 scriptoris

280 1629 393 1676 nomen
416 1613 554 1676 seruauit
577 1616 608 1676 et
630 1633 666 1676 ex
690 1613 858 1696 exemplari
886 1613 962 1677 satis
985 1613 1112 1696 antiquo
1134 1612 1260 1678 fluxisse
1282 1613 1402 1688 uidetur,

280 1733 351 1778 oum
375 1717 498 1781 saeculo
522 1735 602 1781 nono
625 1717 688 1781 iam
711 1717 916 1781 Paschasium
939 1717 1089 1782 librorum
1112 1718 1149 1782 de
1172 1718 1284 1801 spiritu
1307 1721 1402 1781 sancto

279 1819 461 1900 scriptorem
477 1819 621 1884 habitum
638 1840 706 1885 esse
722 1821 899 1886 testimonio
912 1821 1076 1886 Batramni
1088 1820 1282 1886 (lorbeiensis
1295 1820 1404 1903 (eontra

279 1923 469 1988 Graecorum
492 1926 635 2009 opposita
656 1924 725 1988 116
749 1925 796 2008 [in
812 1925 958 1990 Dacherii
971 1925 1140 2009 ‘Spieilegio
1163 1923 1236 1990 179
1260 1927 1306 1990 ed.
1329 1923 1402 2004 eltll

279 2030 448 2110 animatur,
478 2031 530 2111 qui
558 2030 644 2093 dicit:
675 2028 872 2092 Paschasius
900 2029 1054 2114 antiquas
1079 2028 1244 2092 Romanae
1273 2027 1403 2091 sedicet

279 2131 389 2194 doctor
409 2143 438 2196 ct
458 2131 616 2196 diaconas
639 2131 675 2195 ia
692 2131 811 2210 libello,
835 2154 925 2218 pacm
946 2132 984 2196 de
1003 2133 1126 2219 spirita
1146 2141 1257 2196 sancto
1272 2130 1404 2216 scripsit

278 2235 416 2322 Didymi
431 2259 561 2322 sapaces
574 2236 798 2300 Alcmaadriai
812 2236 952 2323 uestigia
968 2237 1014 2300 sic
1025 2236 1113 2320 infit:
1127 2258 1201 2300 noa
1215 2233 1404 2308 scrutaris,

278 2339 454 2424 qualiter·
478 2341 570 2406 deas
593 2341 645 2404 sil
661 2389 669 2404 .
686 2389 694 2404 .
711 2392 718 2404 .
737 2389 744 2404 .
762 2341 804 2405 da
824 2339 1071 2405 sublimitate
1092 2340 1290 2405 dubitatio
1306 2340 1357 2424 (=
1372 2339 1403 2402 de

276 2447 349 2528 spir.
366 2465 391 2510 s.
408 2443 459 2510 19
481 2466 510 2529 p.
530 2445 602 2526 115,
619 2446 662 2509 24
678 2447 769 2531 sqq.).
807 2447 971 2512 Ratramni
991 2448 1086 2531 igitur
1106 2447 1301 2531 temporibus
1323 2447 1404 2526 longe

276 2550 426 2632 plurimos
450 2551 570 2615 codices
587 2551 746 2615 Paschasii
769 2552 895 2615 nomine
918 2551 1082 2634 inscriptos
1099 2537 1200 2616 fuisse
1216 2555 1311 2634 potet,
1333 2547 1405 2612 unde

277 2654 339 2717 iam
366 2655 458 2737 longe
483 2659 554 2718 ante
578 2655 738 2718 saeculum
762 2673 879 2720 nonum
907 2655 1006 2719 nostri
1030 2655 1143 2718 codicis
1166 2655 1284 2718 librum
1306 2653 1404 2718 arche·

277 2763 387 2840 typum
411 2759 566 2822 exstitisse
590 2759 732 2822 conicias.

320 2861 380 2926 Sed
393 2863 544 2926 accedunt
559 2863 718 2946 grauiores
735 2881 857 2943 causae,
874 2863 985 2945 quibus
1002 2861 1116 2926 codicis
1128 2862 1265 2926 Palatini
1281 2858 1404 2926 auctori-

277 2971 376 3031 tatem
400 2966 647 3050 comprobemus.
692 2968 801 3031 insunt
829 2968 912 3032 enirn
940 2968 972 3030 in
996 2986 1031 3031 eo
1054 2969 1101 3032 tot
1129 2967 1228 3030 bonae
1254 2967 1404 3039 lectiones,

276 3074 311 3135 ut
341 3071 490 3135 sescentis
523 3071 599 3135 locis
633 3071 664 3134 in
700 3071 811 3136 ceteris
846 3071 1003 3135 codicibus
1034 3071 1212 3154 deprauatis
1246 3070 1404 3154 genuinam

277 3176 409 3239 formam
425 3179 646 3258 repraesentet.
684 3177 775 3257 pauci
799 3179 905 3240 autem
927 3175 972 3238 illi
994 3175 1063 3254 loci,
1086 3174 1198 3255 quibus
1219 3175 1286 3258 ipsc
1302 3174 1405 3238 lalsarn

276 3280 439 3343 lectionem
469 3279 603 3358 exhibet,
635 3279 679 3342 ita
706 3279 876 3361 comparati
905 3282 987 3358 sunt,
1018 3281 1054 3342 ut
1082 3277 1202 3342 librarii
1233 3275 1405 3342 oscitantiae

276 3384 378 3466 potius
395 3402 490 3465 quam
506 3383 664 3466 archetypi
681 3382 881 3446 mendositati
897 3382 1002 3446 deberi
1018 3382 1192 3445 uideantur.
1226 3383 1278 3463 qui
1294 3383 1406 3464 praeter

277 3487 303 3550 V
320 3491 445 3551 exstant
459 3487 529 3550 libri
546 3487 760 3569 manuscripti,
784 3505 892 3550 omncs
916 3486 955 3550 ad
974 3505 1073 3550 unum
1093 3485 1224 3550 redeunt
1247 3483 1406 3566 exemplar,

168 3663 170 3668 A
277 3591 357 3673 quod
370 3591 530 3655 Paschasii
546 3591 672 3655 nomine
688 3591 874 3674 inscriptum
890 3593 1010 3654 textum
1027 3590 1134 3653 rnullis
1151 3590 1214 3654 iarn
1231 3586 1406 3670 corruptelis

275 3695 469 3760 laborantem
505 3694 672 3760 exhibebat
705 3695 848 3776 quodque
882 3693 972 3758 hodie
1010 3694 1125 3776 optime
1162 3695 1406 3776 repraesentatur

277 3801 380 3864 codiee
403 3800 545 3864 Parisino
570 3797 683 3862 12203.
730 3817 824 3881 qnam
848 3799 976 3862 obrem
1000 3797 1121 3861 duabus
1144 3797 1272 3862 familiis
1295 3795 1406 3861 codices

276 3923 385 3970 omnes
408 3903 591 3967 accensendi
615 3907 697 3982 sunt,
726 3921 857 3984 quarum
885 3921 948 3966 una
975 3907 1127 3984 quantum
1154 3905 1294 3984 praestet
1314 3897 1407 3974 alleri,

276 4010 338 4072 iam
362 4007 511 4090 exemplis
534 4007 700 4088 propositis
725 4006 1023 4070 demonstrabimus:

541 4126 564 4178 V
895 4126 1068 4194 Reliquorum
1087 4124 1208 4178 codicum
1228 4124 1382 4190 archetypus

280 4213 384 4296 102‚8
429 4235 561 4276 carmela
870 4214 1024 4278 omittitur·

280 4317 383 4400 102,9
430 4318 595 4405 dispersas
870 4317 1021 4381 diuersas
