2920 4930
241 415 280 478 10
700 412 720 465 1.
740 411 784 464 De
802 411 910 480 gratia

238 590 277 654 ad
304 589 463 654 hominem
492 588 704 652 subruendum
733 587 770 650 de
798 605 872 650 casu
899 585 1021 669 proprio
1048 585 1199 668 lapsuque
1223 584 1377 668 disposuit

238 697 279 775 et,
303 693 456 776 quomodo
479 693 601 772 cecidit,
625 693 668 756 sic
691 690 821 774 decepit.

280 797 359 879 Quid
382 816 455 862 uero
479 796 562 861 aliud
585 796 829 880 intellegendum
854 799 903 859 est
925 795 1020 859 etiam
1040 795 1073 858 in
1095 795 1173 877 ipsa,
1197 812 1260 876 qua
1282 794 1376 858 homo

238 903 381 968 conditus
398 906 455 982 est,
469 902 517 965 dei
532 902 667 984 imagine
680 901 738 964 nisi
750 899 953 983 perennitatis
965 899 1108 982 insigne?
1125 916 1220 980 quam
1232 898 1376 980 perenni·

199 1023 212 1061 ⁵
238 1011 336 1071 tatem
353 1025 413 1070 non
427 1006 528 1070 solum
541 1005 664 1069 animae
681 1022 742 1068 non
758 1005 947 1086 ademptam,
964 1003 1019 1066 sed
1034 1003 1129 1067 etiarn
1144 1002 1263 1085 corpori
1279 1020 1376 1085 agno-

238 1111 298 1176 scis
314 1110 547 1175 resurrectionis
568 1110 681 1173 uirtute
697 1111 881 1191 reparatam.
913 1111 1101 1190 quapropter
1116 1107 1376 1171 inmortalitatem

237 1215 356 1280 homiui
379 1214 570 1279 conmissam
593 1231 655 1278 non
678 1211 801 1276 dubites
825 1215 897 1276 ante
920 1213 1055 1295 culpam,
1078 1229 1171 1293 quam
1195 1211 1282 1276 reddi
1305 1231 1377 1296 per-

238 1319 330 1403 spicis
356 1319 450 1383 etiarn
472 1321 544 1402 post
566 1318 699 1382 ruinam.

281 1422 405 1487 Asserit
425 1441 497 1506 ergo
513 1423 658 1505 Pelagius
675 1421 788 1499 Adam,
806 1421 879 1484 siue
902 1423 1061 1504 peccasset
1084 1421 1151 1484 siue
1171 1439 1233 1486 non
1248 1441 1376 1504 peccas·

188 1547 211 1583 1⁰
238 1531 299 1606 set,
330 1527 515 1591 omnimodis
545 1527 641 1590 fuisse
672 1525 867 1590 moriturum.
907 1529 938 1588 et
966 1525 1024 1589 hoc
1054 1543 1090 1588 er
1119 1525 1188 1608 ipsa
1217 1527 1375 1609 prauitute

238 1631 408 1710 descendit,
432 1649 493 1712 qua
516 1633 611 1714 negat
633 1630 782 1713 originale
806 1629 964 1694 delictum.
1004 1629 1079 1692 dum
1102 1630 1186 1694 enim
1209 1630 1376 1695 adfirmare

237 1735 396 1800 contendit
412 1735 607 1816 mort[al]em
628 1734 846 1798 necessitatem
863 1733 1048 1799 conditionis
1065 1733 1171 1814 luisse,
1194 1752 1256 1798 non
1273 1738 1377 1800 trans-

237 1839 415 1924 gressionis,
438 1840 508 1903 uult
527 1839 625 1902 uideri
647 1839 797 1922 originem
817 1838 908 1902 huius
932 1837 1026 1902 debiti
1047 1855 1108 1902 non
1128 1856 1145 1902 a
1162 1857 1262 1920 seruo,
1287 1841 1377 1904 seda

237 1944 372 2024 domino,
396 1961 457 2008 non
475 1961 493 2007 a
508 1947 731 2026 contemptore,
755 1943 809 2006 sad
832 1941 870 2006 ab
895 1946 1019 2006 auctore
1043 1941 1192 2024 coepisse,
1215 1947 1250 2007 ut
1265 1945 1377 2010 mortis

186 2065 211 2103 1⁵
237 2049 286 2112 lex
302 2047 502 2112 ordinationis
526 2047 668 2112 credatur
684 2067 763 2128 osse,
787 2065 848 2112 non
864 2046 1011 2110 criminis
1051 2050 1082 2110 et
1101 2047 1183 2112 hano
1205 2048 1376 2132 lugendam

237 2153 455 2216 contritionem
479 2171 570 2235 super
593 2152 765 2216 humanum
789 2170 888 2235 genus
911 2169 973 2214 non
996 2151 1224 2234 praeuaricator
1247 2157 1377 2236 putetur

238 2256 460 2336 transmisisse,
484 2256 538 2320 sed
560 2255 720 2320 conditor?
766 2259 796 2318 et
819 2255 871 2318 ubi
895 2258 943 2318 est
964 2255 1055 2319 illud:
1083 2255 1226 2320 inuidia
1249 2261 1376 2322 autem

237 2359 378 2424 diaboli
401 2377 497 2424 mors
520 2360 694 2424 introiuit
716 2359 752 2423 in
775 2357 900 2424 orbem
923 2363 1127 2424 terrarum?
1169 2360 1244 2424 dum
1267 2367 1376 2426 autem

236 2467 400 2548 peccatum
416 2464 541 2548 originis
558 2464 701 2548 denegat,
724 2463 806 2528 tollit
821 2463 946 2528 omnino
963 2481 1101 2544 oausam,
1121 2483 1182 2547 qua
1197 2466 1378 2550 redemptor

186 2583 211 2622 πο
238 2567 408 2632 aduenerit.
439 2567 613 2648 uideamus,
629 2571 733 2632 utrum
757 2557 811 2650 per
827 2568 1023 2631 uoluntatem
1046 2567 1094 2631 dei
1111 2585 1149 2632 an
1169 2588 1225 2651 per
1239 2570 1378 2634 hominis

237 2671 423 2754 pronitatem
446 2671 551 2735 infelix
577 2675 608 2735 et
627 2671 767 2735 deflenda
789 2672 922 2736 conditio
945 2672 1070 2736 initium
1093 2674 1270 2755 sumpserit.
1304 2676 1378 2738 audi

238 2775 312 2857 quid
339 2775 415 2840 tuba
441 2779 587 2858 personet
614 2776 770 2840 ueritatis:
801 2780 1013 2859 propterea,
1042 2775 1156 2858 inquit,
1185 2779 1283 2842 sicut
1310 2799 1379 2861 per

239 2899 349 2943 unum
381 2879 566 2942 hominem
597 2879 633 2943 in
663 2879 761 2944 hunc
788 2880 960 2944 mundum
990 2885 1185 2962 peccatum
1215 2882 1380 2947 intrauit
1446 2947 1449 2955 ,

239 2987 275 3046 et
296 3003 359 3066 per
381 2987 572 3067 peccatum
589 3001 699 3062 mora,
723 2984 775 3047 ita
790 2985 825 3047 in
842 3002 967 3048 omnes
990 2985 1159 3049 homines
1175 3005 1272 3050 mors
1297 3007 1380 3069 per·

186 3103 212 3144 es
239 3087 407 3167 transiit,
439 3088 475 3150 in
506 3105 574 3169 quo
604 3105 730 3152 omnes
761 3092 1025 3170 peccauerunt.
1072 3089 1200 3153 dicendo
1227 3090 1379 3176 Pelagius

237 3189 341 3254 Adam
371 3191 535 3254 mortalem
565 3191 680 3254 iactum
711 3192 743 3255 in
775 3191 874 3274 primo
905 3193 1043 3257 iacturae
1074 3193 1180 3257 ordine
1212 3196 1381 3260 constituit

239 3297 383 3374 mortem,
411 3313 504 3377 quam
532 3313 690 3378 pronora
716 3297 989 3378 praeuaricationis
1013 3298 1103 3361 tertio
1130 3298 1229 3381 gradu
1251 3305 1381 3365 constat

239 3399 416 3481 inpositam.
452 3399 544 3462 homo
568 3399 650 3462 enim
674 3417 751 3482 opus
775 3399 833 3480 dei,
856 3403 1019 3482 peccatum
1043 3419 1120 3482 opus
1143 3401 1268 3478 diaboli,
1293 3421 1380 3468 mors

238 3503 492 3585 poenapeccati.
531 3521 605 3566 nam
632 3504 789 3584 apostolus
818 3521 879 3568 non
907 3504 1000 3568 dixit:
1032 3505 1177 3570 uoluntas
1205 3505 1253 3570 dei
1282 3526 1380 3590 mors,

186 3623 212 3663 so
240 3607 312 3670 sed:
336 3606 563 3690 stipendium
586 3608 730 3688 peccati
753 3625 857 3671 mors

283 3711 378 3774 Dolos
402 3729 475 3794 ergo
499 3712 564 3774 eius
588 3711 619 3774 in
646 3711 798 3792 prolnndo
822 3712 956 3776 latentes
980 3712 1141 3777 sollicitius
1164 3713 1380 3798 inspiciamus.

238 3815 307 3880 ideo
335 3819 468 3878 mortem
495 3815 632 3898 adplicat
658 3815 818 3896 conditori,
846 3819 889 3896 ut,
917 3817 954 3880 de
981 3835 1041 3898 quo
1067 3817 1267 3898 potissimum
1295 3823 1382 3886 malo

345 3968 387 4037 ιτ]
407 3969 466 4037 sap.
486 3971 510 4034 a,
523 3971 564 4024 24.
617 3968 663 4037 aa]
683 3969 758 4024 com.
777 3973 801 4032 a,
816 3973 855 4024 12.
909 3971 954 4040 ao]
974 3971 1049 4024 nom.
1069 3975 1093 4035 c,
1106 3974 1147 4027 aa.

282 4090 461 4158 limaginem
480 4091 502 4143 si
521 4091 549 4144 P
616 4093 803 4160 6rcparatum
821 4093 848 4145 P
916 4092 1038 4147 9Adam
1056 4111 1137 4150 ooau
1204 4097 1235 4149 10
1253 4095 1383 4150 omnibus

240 4175 360 4232 modico
423 4180 452 4232 ll
474 4174 605 4230 discendit
624 4179 650 4230 P
711 4176 755 4244 qui
773 4180 818 4234 ael
835 4178 930 4246 quiao
991 4179 1106 4233 oriannla
1125 4182 1152 4234 P
1213 4183 1245 4236 la
1264 4183 1383 4236 mortem

238 4265 345 4333 scripsi,
364 4263 505 4317 mortalem
523 4265 551 4318 P
601 4263 800 4332 trasgressiouis
818 4267 845 4319 P
897 4268 929 4322 14
948 4269 1110 4320 contemtore
1129 4267 1156 4320 P
1213 4269 1244 4323 16
1263 4285 1330 4324 coac
1349 4287 1385 4325 rao

239 4351 357 4406 coniaco
375 4349 555 4404 condicionem
574 4353 632 4409 coll.
648 4353 694 4406 liu.
708 4356 742 4406 21
796 4355 829 4407 22
844 4351 936 4422 inquid
955 4354 982 4406 P
1035 4351 1183 4410 cadaboli
1198 4353 1226 4408 P
