2920 4930
232 409 274 474 92
692 407 713 462 1.
733 408 777 462 De
794 409 902 477 gratia

231 607 314 653 eece
345 588 510 672 agricola
541 591 711 670 expectat
740 587 944 668 pretiosum
973 590 1096 650 terrae
1118 587 1296 666 fructum,
1325 588 1360 648 ut

230 694 389 775 recipiat
413 692 659 774 temporinam
683 695 718 754 et
741 691 956 754 serotinum.
992 691 1064 772 quid
1086 691 1360 773 esttemporiunm

230 799 303 881 quid
319 799 511 862 serotinum?
543 797 708 878 temporiui
724 797 844 860 fructus
860 799 944 876 sunt,
968 813 1045 877 quos
1063 795 1222 878 stipendiis
1239 795 1360 860 militae

229 904 401 986 praesentis
424 902 625 983 adquirimus.
671 901 799 965 serotini
822 905 905 981 sunt,
929 919 1005 983 quos
1027 905 1099 985 post
1122 902 1284 964 emeritam
1304 920 1361 964 ser·

190 1036 202 1074 s
230 1009 363 1071 uitutem
386 1007 418 1070 in
441 1006 523 1070 illius
547 1006 662 1070 saeculi
684 1005 887 1070 retributione
910 1007 1079 1088 capiemus
1115 1007 1279 1088 temporiui
1295 1009 1362 1068 sunt

230 1113 306 1176 fides
331 1115 424 1192 atque
445 1111 606 1175 sinceritas
622 1111 733 1190 cordis,
756 1111 977 1190 beniuolentia,
1000 1111 1134 1192 corporis
1151 1111 1361 1192 temperantia,

230 1219 428 1299 contemptus
459 1216 543 1296 mali,
575 1217 730 1298 appetitus
758 1215 844 1296 boni,
875 1215 1083 1296 tranquillitas
1107 1215 1361 1292 mansuetudinis,

229 1321 350 1403 puritas
381 1321 541 1384 castitatis
588 1321 715 1385 serotini
746 1321 865 1384 fructus
898 1325 972 1384 sunt
1002 1320 1166 1402 adquisitio
1193 1339 1298 1383 rernm
1319 1319 1361 1382 in-

229 1425 422 1505 mortalium,
456 1425 613 1488 hereditas
648 1425 843 1506 caelestium,
876 1427 1049 1508 proprietas
1085 1428 1296 1504 aeternorum,
1329 1423 1361 1485 de

178 1559 203 1597 1⁰
230 1529 344 1612 quibus
368 1530 493 1594 dicitur:
525 1549 591 1594 nec
621 1531 747 1594 oculos
778 1530 873 1594 uidit
903 1549 968 1593 nec
998 1532 1098 1594 auris
1130 1529 1276 1593 audiuit
1302 1545 1361 1593 neo

229 1636 269 1699 in
299 1653 359 1699 cor
389 1635 548 1698 hominis
580 1635 763 1715 ascendit,
794 1653 886 1717 quae
916 1633 1158 1718 praeparauit
1184 1634 1273 1697 deus
1295 1633 1360 1710 his,

229 1741 291 1821 qui
321 1739 488 1823 diligunt
517 1740 634 1804 illum.
681 1740 718 1803 de
749 1740 861 1822 quibus
891 1759 946 1822 per
977 1739 1133 1822 apostolos
1162 1741 1193 1802 et
1215 1741 1361 1820 martyres

229 1845 354 1908 dicitur:
386 1863 456 1909 non
487 1847 575 1908 sunt
606 1845 813 1928 condignae
839 1845 1034 1926 passiones
1058 1843 1167 1906 huius
1191 1842 1361 1926 temporis

229 1950 271 2013 ad
299 1951 464 2014 futuram
486 1950 660 2033 gloriam,
692 1967 784 2031 quae
807 1949 1043 2013 reuolubitur
1066 1949 1103 2012 in
1125 1947 1241 2012 nobis.
1289 1952 1363 2011 tem·

178 2081 202 2120 rs
229 2055 328 2138 poriui
359 2056 464 2136 itaque
495 2055 616 2118 fructus
647 2055 679 2118 in
710 2053 877 2118 uirtutibus
904 2058 988 2134 sunt,
1020 2053 1148 2117 serotini
1169 2053 1202 2117 in
1224 2071 1363 2117 remune-

228 2161 346 2223 ratione
376 2159 538 2222 uirtutum.
586 2159 752 2242 temporini
785 2163 868 2238 sunt,
899 2176 976 2240 quos
999 2159 1048 2222 hie
1071 2175 1165 2242 opera
1186 2159 1314 2241 capiunt
1334 2155 1364 2220 in

228 2264 412 2346 praeceptis,
445 2264 583 2343 serotini,
615 2281 691 2345 quos
718 2263 781 2326 illie
809 2265 884 2326 uota
906 2266 1135 2344 consequentur
1157 2263 1189 2326 in
1211 2261 1361 2346 praemiis.

272 2369 432 2448 Quantum
457 2387 529 2450 ergo
554 2368 724 2431 delectetur
747 2367 834 2447 deus,
867 2367 894 2431 si
915 2368 1082 2431 fecerimus
1105 2385 1241 2447 murum,
1268 2365 1365 2430 idest

228 2473 455 2536 ualidissimum
487 2475 596 2537 contra
626 2473 778 2536 offensam
810 2473 859 2536 dei
890 2471 1126 2555 supplicationis
1161 2470 1364 2548 obstaculum,

176 2605 203 2642 20
229 2578 309 2641 sicut
324 2577 473 2656 lecitille,
499 2577 536 2640 de
552 2594 613 2659 quo
629 2577 776 2660 legimus:
801 2577 1017 2658 properauit
1040 2575 1137 2640 enim
1161 2577 1267 2641 homo
1290 2577 1364 2640 sine

229 2682 398 2763 querella
434 2682 627 2764 deprecari
665 2699 728 2764 pro
764 2681 900 2765 populo
937 2681 1132 2764 proferens
1170 2679 1364 2744 seruitutis

229 2805 316 2851 snae
337 2789 498 2866 scutum,
519 2786 667 2850 restitit
681 2787 757 2850 irae
774 2791 808 2850 et
823 2786 938 2850 finem
955 2785 1122 2869 inposuit
1135 2785 1364 2850 necessitati.

229 2892 290 2974 qui
320 2895 454 2970 staret,
485 2891 597 2973 iuquit,
628 2891 823 2974 oppositus
851 2895 982 2954 contra
1004 2909 1060 2954 me
1083 2893 1296 2973 propterea,
1326 2908 1365 2953 ne

229 2997 482 3078 disperderem
506 3014 594 3060 eam.
630 2996 683 3078 qui
707 2997 850 3076 ostendit,
875 2996 1029 3077 quomodo
1053 2997 1117 3060 eius
1134 2996 1181 3059 ira
1196 2997 1365 3076 superetur,

177 3127 203 3167 ss
230 3101 364 3183 quodam
388 3101 478 3164 modo
501 3102 643 3183 placatus
668 3101 820 3164 irascitur.
859 3101 941 3164 inter
962 3100 1040 3164 haec
1062 3100 1250 3182 quicumque
1274 3117 1292 3163 a
1315 3117 1367 3181 po·

229 3207 404 3270 tentissimo
436 3223 472 3269 ao
502 3205 674 3269 iustissimo
706 3205 863 3269 conditore
893 3205 937 3268 ita
959 3205 1078 3269 factum
1101 3205 1262 3268 hominem
1287 3203 1367 3281 dicit,

229 3313 264 3374 ut
298 3329 378 3373 nnus
413 3311 444 3374 in
479 3311 638 3374 sinistram
673 3310 739 3374 sine
773 3309 896 3394 proprio
928 3309 1057 3373 crimine
1089 3309 1214 3390 inpulsu
1244 3311 1368 3372 tantum

228 3415 454 3497 praescientiae
485 3415 661 3498 deputetur,
693 3415 770 3479 alter
800 3415 832 3478 in
864 3413 1024 3477 dexteram
1046 3413 1227 3477 indiscussis
1250 3412 1367 3476 meritis

229 3519 421 3599 adtrahatur,
451 3519 510 3582 hoc
540 3524 646 3602 aperte
674 3538 812 3584 asserere
840 3518 1082 3602 deprehenditur
1105 3518 1297 3582 inordinatas
1320 3514 1368 3580 uel

178 3649 203 3688 so
229 3623 348 3705 iniquas
372 3643 440 3686 esse
464 3623 681 3706 dispositiones
705 3629 737 3688 et
759 3625 885 3688 lactoris
909 3627 940 3688 et
962 3623 1083 3687 iudicis.

335 3785 360 3854 1]
379 3785 432 3839 Iac.
446 3791 470 3849 5,
484 3789 507 3840 7.
564 3787 607 3854 10]
628 3785 715 3842 lCor.
729 3789 753 3850 2,
767 3790 790 3842 9.
847 3787 890 3854 13]
910 3787 1023 3851 Itomtl,
1039 3789 1078 3843 18.
1132 3785 1179 3854 20]
1198 3786 1257 3854 Sap.
1274 3787 1314 3848 18,
1328 3787 1367 3840 21,

229 3872 274 3943 23]
294 3871 384 3926 Erech.
399 3875 440 3938 22,
454 3875 495 3928 30.

273 4021 440 4090 ipraetiosri
457 4021 484 4074 P
534 4020 714 4075 ceurennum
732 4019 760 4073 P
811 4020 967 4074 tmeritam
988 4021 1015 4074 P
1066 4019 1188 4076 5seculi
1208 4021 1235 4074 P
1288 4018 1367 4074 dad-

230 4123 296 4176 qnae
315 4109 342 4161 P
394 4109 576 4161 leontemtus
595 4107 622 4160 P
673 4107 822 4175 appetitum
841 4107 869 4160 P
920 4109 952 4162 13
972 4107 1102 4175 condigne
1120 4107 1148 4160 P
1198 4105 1371 4175 passionisl‘

232 4198 263 4250 15
281 4195 387 4262 itaquae
407 4195 434 4248 P
498 4197 530 4250 18
549 4194 570 4246 si
590 4193 730 4247 fecerimus
748 4196 856 4263 scripsi,
874 4195 929 4246 siue
948 4195 981 4261 P,
1000 4194 1092 4248 derio
1162 4195 1193 4248 21
1214 4193 1328 4260 querilla
1346 4195 1371 4246 P

230 4281 380 4350 depraecari
393 4281 421 4333 P
462 4283 495 4335 24
509 4285 672 4348 sequaretmu
717 4284 750 4335 25
764 4282 938 4349 quicumquae
951 4282 979 4334 P
1029 4285 1063 4336 26
1081 4297 1112 4334 ae
1130 4279 1278 4333 iustissimo
1291 4281 1369 4335 Plris

229 4369 263 4422 29
282 4365 504 4434 depraehenditur
522 4367 549 4420 P
601 4369 634 4422 30
652 4365 767 4420 factores
785 4369 822 4422 P¹
