2920 4928
548 428 788 496 Prolegomona.
1197 428 1236 482 IX

106 607 166 666 stat
195 602 248 684 (ci.
268 603 370 669 ι111112
397 623 444 668 nr.
466 602 554 687 552),
586 605 750 668 concilium
782 603 983 674 aRauennio
1006 604 1133 668 Arelate
1164 621 1236 666 oon-

105 711 264 791 gregatum
295 711 343 771 est
374 709 412 772 ad
440 709 609 772 discordias
637 708 881 791 componendas,
913 726 991 790 quae
1020 709 1125 771 essent
1155 707 1235 771 inter

105 809 295 876 Theodorum
318 811 498 895 episcopum
522 812 766 876 Foroiuliensem
791 812 1033 894 monasteriique
1056 811 1234 876 Lerinensis

103 919 276 997 patronum,
307 916 359 998 qui
389 917 507 981 maiora
536 918 568 980 in
598 917 783 981 Lerinenses
815 917 882 980 iura
913 915 1170 999 amplectebatur,
1205 919 1235 978 et

104 1018 253 1084 Faustum
277 1020 342 1084 eins
367 1021 549 1084 monasterii
573 1021 728 1084 abbatem.
768 1039 828 1102 qno
853 1021 982 1085 concilio
1003 1023 1156 1084 statutum
1177 1023 1234 1098 est,

104 1128 136 1188 ut
154 1143 204 1189 res
223 1125 378 1208 spiritales
398 1126 616 1190 tantummodo
633 1126 776 1208 episcopo
793 1127 1014 1208 competerent,
1037 1125 1115 1187 laica
1130 1128 1235 1187 antem

103 1229 280 1293 monasterii
310 1230 511 1313 congregatio
538 1231 577 1294 ad
604 1248 711 1294 curam
740 1229 863 1293 abbatis
890 1229 1060 1314 pertineret
1087 1227 1139 1310 (cf.
1164 1226 1235 1292 Col-

103 1332 190 1398 lectio
206 1333 407 1398 conciliorum
424 1333 555 1415 Galliae,
573 1334 667 1399 editio
683 1333 838 1414 Maurius,
859 1333 987 1397 Parisiis
1007 1330 1099 1412 1189,
1115 1331 1130 1395 l
1147 1329 1233 1414 519).

142 1437 278 1502 Maximo
306 1442 428 1502 mortno
456 1437 591 1503 Faustus
621 1439 784 1522 episcopus
812 1438 953 1502 Reiensis
984 1438 1085 1502 factus
1117 1439 1173 1516 est,
1204 1436 1234 1498 id

101 1542 180 1623 qnod
207 1561 243 1606 ex
271 1541 413 1606 uersibus
437 1541 555 1608 Sidonii
582 1558 676 1626 supra
703 1543 806 1606 allatis
835 1542 1019 1626 colligimus.
1065 1559 1125 1624 quo
1153 1559 1234 1604 anno

101 1645 231 1710 Faustus
251 1647 389 1712 Maximo
412 1647 608 1727 successerit,
639 1665 701 1711 non
724 1648 831 1729 liquet,
863 1647 916 1710 sed
940 1664 968 1710 a.
984 1643 1048 1710 462
1072 1664 1142 1709 eum
1171 1647 1234 1728 epi-

100 1767 225 1833 scopum
242 1752 304 1815 iarn
324 1751 420 1816 fuisse
444 1771 480 1816 ex
503 1752 580 1816 actis
603 1752 723 1816 concilii
745 1751 783 1815 de
807 1769 901 1814 causa
916 1751 1075 1814 Hermetis
1099 1750 1233 1833 episcopi

100 1853 215 1920 ltomae
239 1873 257 1919 a
279 1875 303 1919 s.
320 1855 438 1920 Hilario
466 1873 548 1938 papa
575 1857 754 1940 congregati
782 1855 996 1938 perspicimus
1024 1855 1073 1918 cui
1100 1853 1233 1917 Faustus

100 1963 129 2022 ot
152 1959 314 2024 Auxanius
337 1960 474 2043 episcopi
497 1959 536 2023 ab
561 1960 713 2044 episcopis
737 1959 865 2025 Gallicis
888 1960 984 2043 legati
1012 1959 1234 2042 praesederunt

99 2062 203 2144 (Cone,
222 2063 301 2130 Gall.
319 2065 388 2129 coll.
405 2065 421 2128 I
444 2062 532 2147 606).
566 2065 628 2128 iarn
652 2083 723 2129 curn
748 2065 878 2128 minime
902 2065 968 2128 ueri
985 2065 1086 2128 simile
1103 2082 1171 2126 esse
1187 2064 1234 2126 ui-

99 2167 206 2233 deatur
234 2171 412 2252 episcopum
441 2187 539 2251 nuper
567 2169 695 2232 demum
726 2170 903 2234 ordinatum
931 2169 1064 2234 Romam
1094 2169 1232 2252 legatum

100 2291 175 2353 esse,
200 2276 236 2337 ut
258 2273 400 2338 omnium
420 2274 650 2358 prouinciarum
671 2272 792 2339 Galliae
813 2275 1027 2356 episcoporum
1047 2277 1151 2356 partes
1172 2291 1234 2336 una

99 2395 167 2440 oum
184 2377 326 2442 Auxanio
350 2378 531 2460 susciperet,
556 2377 692 2442 Faustus
715 2397 770 2462 per
793 2379 910 2460 aliquot
933 2397 1031 2442 annos
1055 2378 1233 2461 episcopatu

99 2481 222 2546 iunctus
251 2481 302 2561 sit,
330 2482 514 2564 priusquam
536 2481 669 2546 Romam
697 2483 863 2566 legaretur,
892 2501 1018 2546 necesse
1047 2486 1104 2563 est,
1132 2483 1176 2546 ita
1199 2485 1234 2545 nt

98 2584 231 2650 libenter
252 2586 480 2668 adstipulamur
495 2587 544 2666 lie,
568 2587 621 2668 qui
638 2606 709 2651 eum
726 2604 807 2651 anno
827 2585 891 2650 452
912 2588 1091 2670 episcopum
1114 2587 1233 2650 factum

99 2707 164 2754 esse
184 2690 384 2754 contendunt.
418 2683 537 2754 aceedit
558 2691 638 2774 quod
659 2691 690 2755 in
712 2692 845 2772 epistula
865 2711 889 2755 s.
906 2691 1018 2755 Hilarii
1040 2709 1148 2774 papae,
1173 2709 1233 2772 qua

98 2793 258 2878 respondit
280 2812 307 2858 a.
323 2791 388 2856 464
411 2795 562 2877 episcopis
583 2793 720 2876 Gallicis,
744 2796 798 2878 qui
821 2796 858 2859 ad
883 2813 1009 2859 oausam
1033 2815 1057 2859 s.
1075 2795 1232 2874 Mamerti,

98 2899 147 2979 qni
177 2899 355 2962 Deonsibus
387 2899 565 2982 episcopum
597 2899 808 2980 ordinauerat,
845 2900 926 2982 qnod
960 2900 998 2964 ad
1030 2919 1062 2964 se
1093 2903 1232 2982 spectare

98 3003 259 3085 episcopus
275 3001 468 3068 Arelatensis
492 3003 709 3084 contendebat,
734 3004 970 3068 examinandam
992 3004 1121 3068 Leontio
1144 3022 1233 3085 prae-

97 3105 217 3171 sidente
253 3107 404 3189 synodum
440 3112 723 3192 oongregauerant,
760 3108 893 3172 Faustus
930 3112 977 3172 est
1007 3108 1086 3172 inter
1120 3107 1232 3191 uiginti

98 3211 257 3293 episcopos
284 3228 385 3275 nonus
414 3210 520 3292 (Cone.
542 3211 623 3276 Gall.
640 3211 741 3276 colll
764 3209 841 3294 609)
870 3216 911 3292 et,
939 3213 965 3275 si
993 3212 1143 3292 ordinem,
1172 3229 1232 3293 quo

97 3314 213 3400 singuli
229 3315 363 3400 episcopi
380 3315 456 3380 facti
472 3319 555 3396 sunt,
579 3317 831 3399 chronologicum
853 3322 1012 3381 seruatum
1033 3335 1101 3380 esse
1121 3317 1152 3380 in
1173 3316 1232 3380 hae

96 3420 330 3484 enumeratione
358 3421 520 3484 nominum
548 3422 728 3502 statuimus,
755 3421 828 3486 hino
855 3440 976 3504 quoque
999 3421 1151 3485 Faustum
1177 3440 1233 3503 per

96 3525 273 3608 complures
296 3524 358 3588 iam
381 3543 480 3590 annos
503 3525 683 3609 episcopum
707 3525 803 3590 luisse
827 3526 977 3590 elicimus

137 3627 239 3710 Quem
263 3628 301 3692 ad
325 3628 452 3694 modurn
469 3629 604 3693 Faustus
621 3629 705 3694 Reiis
730 3649 762 3693 se
785 3630 929 3713 gesserit,
953 3649 989 3693 ex
1013 3629 1151 3713 epistulis
1176 3629 1232 3693 ali-

95 3737 167 3814 quot
183 3735 217 3798 et
231 3733 368 3798 carmine
385 3733 587 3798 eucharistico
603 3732 720 3798 Sidonii
736 3735 954 3818 comperimus,
978 3735 1031 3815 qui
1047 3751 1230 3817 germanum

95 3855 188 3902 snum
213 3855 231 3901 a
252 3837 368 3902 Fausto
392 3837 557 3902 educatum
581 3857 649 3902 esse
659 3838 683 3921 ¹)
707 3837 815 3922 (carm.
832 3839 907 3903 XVI
930 3837 984 3921 ta)
1009 3857 1108 3920 neque
1132 3855 1231 3902 nonae

95 3941 256 4026 dignitatis
283 3941 411 4008 obtentu
439 3942 573 4026 rigorem
600 3943 715 4007 ueteris
744 3943 924 4027 disciplinae
948 3943 1125 4007 Lerinensis
1152 3942 1232 4006 rela-

95 4051 202 4110 xatum
230 4065 298 4110 esse
328 4045 371 4129 (p.
396 4044 467 4126 152,
490 4046 504 4107 l
536 4045 584 4130 L.)
613 4047 714 4112 tradit.
762 4047 907 4112 eximiam
937 4047 1070 4132 gloriam
1098 4047 1230 4110 Faustus

136 4285 157 4356 ¹)
180 4285 306 4342 Celerum
328 4287 350 4340 si
372 4287 431 4356 quis
450 4287 551 4342 Sidonii
575 4287 684 4342 fratrem
704 4305 719 4341 a
736 4287 834 4342 Fausto
857 4289 909 4342 iam
928 4289 1016 4342 Larini
1036 4288 1134 4342 sanetis
1153 4288 1231 4342 disci·

95 4373 174 4442 plinio
193 4373 326 4428 imbutum
345 4390 401 4428 esse
421 4373 523 4438 dixerit,
541 4375 585 4428 uix
604 4391 646 4428 me
664 4375 773 4428 habebit
791 4375 980 4430 aduersarium.
