2920 4930
269 431 310 496 86
729 430 751 483 1.
771 431 816 483 De
837 401 946 497 gratia

266 717 387 758 CONTRA
410 715 480 773 1100,
504 715 589 763 Quor)
614 715 739 775 DICUNT²
763 716 838 764 Quin
862 715 945 756 ANTE
968 715 1107 756 Gnsrrnn
1129 715 1252 756 TEMPUS
1274 711 1389 758 AGNITIO

457 802 550 845 UNlUS
573 804 627 844 Dm
651 803 803 844 autumnus
826 801 984 844 OONOESSA
1006 803 1067 844 NON
1090 803 1216 846 FUBRl'l'.

309 922 346 985 lu
369 920 479 1004 grandi
502 920 655 1003 profundo
678 921 871 1004 ignorantiae
894 921 1077 985 uolutautur
1100 922 1152 1003 qui
1175 922 1292 1002 dicunt,
1323 917 1390 1001 quod

264 1027 358 1090 unius
383 1025 431 1088 dci
455 1026 598 1088 notitiam
621 1025 736 1088 habere
760 1043 822 1089 uon
845 1025 1004 1107 potuerint
1026 1030 1135 1109 gentes
1152 1031 1224 1090 aute
1240 1023 1389 1090 saluatoris

228 1157 240 1194 s
267 1131 449 1208 aduentum,
473 1148 546 1192 cum
569 1131 728 1212 apostolus
752 1132 871 1193 asserat
894 1130 1046 1194 factorem
1068 1131 1179 1194 mundi
1199 1151 1254 1213 per
1270 1132 1391 1195 facturae

266 1253 340 1297 suae
363 1233 631 1316 magnificentiam
653 1235 792 1317 potuisse
816 1235 961 1317 cognosci
983 1235 1027 1298 ita
1049 1235 1193 1300 diceudo:
1224 1235 1317 1318 quod
1342 1250 1390 1296 no·

267 1343 342 1401 turn
367 1341 422 1402 est
446 1338 518 1418 dei,
541 1338 782 1404 manifestum
806 1343 863 1402 est
886 1340 921 1403 iu
945 1339 1033 1404 illis.
1070 1340 1285 1405 inuisibilia
1307 1339 1389 1404 enirn

266 1443 346 1506 eius
370 1459 389 1505 a
411 1445 586 1506 creatura
609 1443 735 1508 muudi
757 1462 822 1526 per
845 1462 900 1524 ea,
924 1461 1016 1526 quae
1039 1445 1139 1509 lacta
1162 1449 1269 1526 sunt,
1297 1441 1392 1509 intel-

265 1547 364 1610 lecta
393 1547 689 1628 conspiciuntur.
731 1549 961 1630 sempiterna
994 1567 1137 1631 quoque
1171 1551 1293 1614 uirtus
1325 1548 1391 1611 eius

215 1677 240 1714 ro
267 1655 303 1715 et
333 1651 530 1732 diuinitas,
560 1655 600 1716 ut
630 1652 708 1716 sint
737 1653 1026 1717 inexcusabiles.
1065 1655 1219 1734 quomodo
1251 1659 1285 1718 tu
1314 1669 1393 1717 erou-

267 1756 381 1819 sabiles
405 1756 481 1820 dicis
505 1775 550 1836 eo,
574 1756 654 1837 quod
682 1757 775 1820 alieni
798 1757 914 1820 fuerint
936 1776 954 1821 a
977 1757 1166 1822 caelestibus
1197 1759 1296 1839 donis,
1324 1773 1390 1838 qnos

265 1862 342 1925 deus
366 1881 402 1925 er
425 1861 484 1925 hoo
512 1862 737 1925 inexcusabiles
768 1865 968 1945 protestatur,
1000 1863 1081 1945 quod
1112 1863 1204 1927 abusi
1235 1864 1393 1946 probentur

265 1966 401 2049 acceptis
425 1969 457 2030 et
478 1965 596 2048 opificis
620 1965 847 2030 sublimitatem
872 1967 939 2031 siue
969 1967 1154 2032 difficultate
1184 1969 1264 2032 scire
1287 1965 1392 2050 potuis·

265 2075 345 2150 sent,
377 2071 403 2133 si
433 2089 511 2152 opus
542 2071 811 2154 interrogassent?
848 2072 940 2154 longe
964 2075 1012 2136 est
1034 2073 1093 2136 hoc
1116 2073 1155 2137 ab
1179 2073 1267 2137 omni
1289 2072 1393 2136 ratione

215 2198 238 2236 rs
266 2175 384 2256 absque
408 2175 533 2258 pietate,
556 2179 591 2238 ul
614 2176 706 2240 horno
730 2176 769 2239 ad
793 2177 1024 2259 agnoscendum
1048 2178 1140 2240 deum
1165 2197 1265 2260 nuper
1279 2177 1394 2260 putetur

266 2280 414 2358 eruditus,
445 2280 495 2342 cui
526 2279 692 2344 uniuersus
723 2279 762 2344 ab
793 2281 915 2344 exordio
945 2300 1049 2344 rerum
1077 2283 1165 2346 testis
1188 2285 1239 2347 est
1261 2280 1393 2354 mundus,

266 2387 297 2447 ot
313 2383 381 2447 ideo
397 2383 429 2446 in
446 2384 555 2446 eadem
571 2384 702 2466 epistola
716 2382 903 2468 (apostolus)
923 2385 1011 2449 dicit:
1036 2404 1115 2449 cunr
1140 2388 1237 2451 euim
1261 2389 1393 2471 gentes,

266 2505 357 2568 quae
381 2487 501 2570 legem
525 2506 596 2552 uon
626 2487 781 2568 habent,
812 2490 1040 2554 naturaliter
1069 2508 1161 2571 quae
1192 2491 1290 2574 legis
1319 2489 1394 2554 sunt

266 2591 422 2654 faciunt.
462 2610 523 2655 nou
555 2611 627 2676 ergo
658 2593 776 2657 recenti
807 2594 986 2676 magisterio
1019 2594 1059 2658 ad
1092 2594 1394 2677 conprehendendum

213 2719 239 2756 eo
265 2696 368 2777 legem
392 2695 441 2759 dei
465 2697 609 2760 credatur
633 2696 772 2779 inbutus,
796 2699 846 2779 qui
871 2699 912 2778 id,
937 2699 1019 2780 quod
1042 2700 1226 2764 naturaliter
1246 2699 1347 2778 habet,
1368 2697 1393 2758 iu

265 2799 358 2882 primi
392 2799 501 2880 utique
536 2800 672 2864 hominis
707 2801 883 2866 conditione
917 2803 1063 2885 percepit.
1108 2803 1395 2874 inmutaueruut‚

265 2905 365 2986 inquit
396 2906 566 2987 apostolus,
596 2906 755 2988 gloriaur
786 2905 1090 2989 incorruptibilis
1121 2909 1178 2972 dei
1210 2909 1246 2972 in
1274 2903 1396 2972 simili·

265 3009 431 3072 tudinem
455 3010 629 3092 imaginis
652 3009 926 3093 <corruptibilis
948 3011 1125 3096 hominis>
1147 3015 1183 3076 et
1214 3013 1395 3078 uolucrum

266 3115 302 3175 et
324 3112 593 3194 quadripedum
618 3117 654 3176 et
677 3115 919 3196 serpentium.

213 3240 238 3276 as
310 3216 393 3279 Dum
424 3217 593 3298 inprudens
624 3217 746 3281 abiecta
776 3221 808 3281 et
836 3219 967 3302 indigua
989 3223 1167 3300 ueneratur,
1199 3220 1339 3284 debuisse
1368 3235 1396 3279 se

265 3319 450 3383 omnimodis
467 3321 587 3384 cultum
604 3321 796 3404 dignioribus
813 3322 985 3406 profitetur,
1009 3324 1145 3405 dumque
1161 3325 1282 3408 lignum
1297 3324 1395 3388 adorat

266 3427 296 3486 et
318 3423 467 3506 lapidem⁷
490 3425 522 3488 iu
545 3429 691 3509 promptu
714 3426 833 3507 habuit,
857 3431 892 3490 ut
914 3431 1039 3509 saperet
1061 3427 1189 3493 adorare
1214 3429 1395 3494 terrestrium

369 3647 396 3717 6]
416 3647 492 3703 Rom.
507 3652 530 3714 1,
546 3651 585 3704 la.
642 3649 686 3719 17]
705 3650 781 3704 Rom.
795 3653 819 3716 2,
834 3653 874 3706 14.
929 3651 974 3720 21]
993 3651 1070 3705 Rom.
1086 3653 1109 3716 1,
1122 3653 1163 3707 23.

309 3860 322 3914 1
346 3874 430 3926 acque
452 3859 502 3914 boo
524 3859 581 3914 loeo
603 3875 687 3928 aeque
704 3861 735 3914 ia
752 3861 935 3930 capitulorum
952 3861 1043 3917 indies
1060 3863 1128 3917 111111Ι
1146 3863 1262 3932 capitali
1278 3877 1397 3917 narrante

265 3945 296 3999 in
308 3945 336 3998 P
346 3951 446 4010 caston
463 3945 495 3998 dc
513 3945 603 4000 uerbis
622 3948 714 3999 contra
732 3947 782 4000 hoc
793 3977 825 3986 -
836 3946 924 4011 luerit,
944 3965 1011 4018 qaae
1024 3949 1164 4003 (1131111111
1179 3949 1277 4018 indice,
1290 3952 1323 4018 cf.
1336 3963 1398 4018 quoae

264 4033 377 4100 exposuri
395 4033 426 4085 ia
445 4033 513 4087 libro
526 4031 653 4087 'Sindica
671 4034 736 4088 tiber
754 4035 797 4088 elie
815 4035 954 4103 Schriften
972 4035 1018 4090 des
1031 4034 1168 4102 Faustus,
1186 4055 1213 4106 p.
1227 4043 1260 4090 11
1312 4041 1397 4104 9quo-

265 4135 331 4186 quae
355 4119 382 4172 P
452 4121 483 4174 ll
507 4117 648 4172 celestibus
672 4120 699 4172 P
768 4123 800 4176 12
818 4121 964 4189 probentur
981 4123 1088 4192 scripsi,
1110 4123 1271 4190 praebentur
1289 4127 1322 4192 P,
1342 4137 1397 4191 pro

264 4203 397 4260 banturo
470 4207 501 4260 15
520 4204 634 4273 absquae
653 4207 687 4274 P,
710 4210 823 4274 atqueo
893 4209 1144 4276 cognoscendumo
1217 4213 1247 4266 17
1271 4209 1398 4280 apostolus

265 4293 376 4359 addidi,
400 4311 450 4348 orn.
473 4293 501 4346 P
553 4294 585 4346 19
604 4292 886 4362 conpraehendeudam
905 4295 933 4348 P
984 4297 1015 4352 21
1036 4296 1144 4365 utiquao
1164 4299 1191 4352 P
1247 4301 1398 4363 2211111111-

264 4377 347 4431 tibilis
365 4378 481 4432 hominis
499 4379 607 4448 addidi,
625 4381 716 4435 ο111.Ρ
767 4383 800 4436 26
819 4380 951 4450 dumquae
971 4383 998 4436 P
1050 4386 1083 4438 27
1102 4387 1209 4452 promtu
1230 4385 1256 4437 P
