2886 4928
523 381 572 436 III.
593 383 744 452 Epistula
764 385 785 438 1.
1161 385 1222 448 163

93 554 292 620 destruantur.
332 575 387 620 uos
405 561 510 620 autem
526 577 581 639 per
597 558 869 622 inluminationem
884 557 999 622 Christi
1015 560 1168 622 ueraciter
1192 563 1222 623 et

93 659 274 724 confidenter
297 661 471 724 adserimus
500 665 530 724 et
553 681 636 741 eum,
664 663 716 743 qui
738 661 831 743 periit
854 681 908 744 per
931 663 1066 744 culpam,
1098 663 1220 726 saluum

92 782 152 826 esse
174 765 312 846 potuisse
336 765 559 848 pergratiam,
584 766 611 829 si
634 766 752 848 gratiae
776 766 836 849 ipsi
855 766 967 829 famuli
991 766 1106 830 laboris
1130 766 1221 830 oboe-

93 868 232 934 dientiam
256 888 319 934 nou
343 873 499 952 negasset,
523 873 554 934 et
578 890 660 950 eum,
683 871 737 952 qui
759 871 964 954 pergratiam
981 871 1222 935 adbouaecon-
1317 911 1319 920 ,

92 974 300 1038 sunrmationis
330 978 431 1038 metas
462 975 590 1038 seruitio
621 973 813 1056 obsequente
844 975 997 1057 peruenit,
1027 975 1136 1038 cadere
1167 994 1221 1058 per·
1261 1003 1273 1039 n

92 1077 235 1142 desidiam
259 1082 290 1142 et
312 1079 413 1161 perire
436 1079 574 1160 potuisse
597 1099 652 1162 per
675 1080 809 1162 culpam.
845 1098 901 1143 nos
925 1097 998 1163 ergo
1013 1099 1068 1162 per
1084 1080 1221 1143 medium

92 1180 205 1248 Christo
236 1183 314 1246 duce
343 1183 522 1266 gradientes
553 1188 624 1266 post
646 1184 790 1266 gratiam,
822 1183 889 1246 sine
916 1202 977 1266 qus
999 1184 1079 1248 nihil
1102 1203 1220 1263 sumus,

91 1285 222 1351 laborem
257 1287 413 1352 officiosae
449 1288 608 1351 seruitutis
645 1287 827 1352 adserimus.
875 1288 929 1352 sed
959 1288 1138 1352 omnimodo
1167 1289 1221 1352 ad-

91 1393 259 1473 rogantiam
287 1396 319 1455 et
340 1392 628 1474 praesumptionem
650 1391 765 1456 laboris
789 1392 991 1471 excludimus
1021 1396 1055 1456 ut
1078 1393 1151 1456 totis
1175 1393 1222 1456 ui-

91 1494 169 1559 ribus
199 1497 399 1576 desudantes,
430 1517 469 1560 ne
499 1499 598 1580 gratia
627 1499 659 1560 iu
690 1497 779 1562 uobis
804 1502 981 1578 euacuetnr,
1012 1498 1160 1581 quidquid
1183 1499 1220 1562 de
1249 1524 1274 1562 ιο

92 1617 178 1664 manu
208 1601 325 1665 domini
357 1603 596 1684 susceperimus,
631 1601 747 1665 donum
777 1603 1015 1686 pronuntiemus
1046 1621 1124 1684 esse,
1159 1621 1220 1667 uon

91 1706 266 1785 praemium,
291 1705 422 1770 scientes
445 1705 560 1769 laboris
583 1707 681 1788 ipsius
705 1707 843 1770 fructum
867 1705 958 1770 officii
974 1725 1041 1770 rem
1057 1727 1135 1787 esse,
1159 1725 1220 1771 non

91 1809 194 1888 meriti,
211 1827 283 1872 oum
299 1809 493 1892 euangelista
508 1809 659 1873 dicentes:
680 1811 780 1874 serui
796 1811 951 1874 inutiles
968 1829 1109 1891 sumus,
1126 1812 1220 1893 quod

91 1910 276 1977 debuimus
299 1913 423 1978 iacere
447 1914 612 1978 fecimus.

129 2016 222 2098 Haec,
253 2037 331 2100 quae
355 2018 488 2082 strictim
512 2036 567 2100 pro
590 2018 743 2102 epistulae
766 2018 918 2083 breuitate
942 2024 1115 2084 memorata
1137 2023 1219 2100 sunt,
1249 2046 1273 2085 n

91 2125 140 2184 aut
167 2123 302 2205 recipere
333 2141 366 2185 se
397 2127 452 2186 aut
481 2142 626 2205 respuere
657 2123 845 2186 unanimitas
876 2127 931 2188 tua
956 2128 1132 2188 recurrente
1156 2143 1220 2188 ser-

92 2241 176 2288 mone
198 2227 395 2308 respondeat.
431 2231 571 2290 ceterum
594 2227 647 2309 qui
669 2227 749 2291 hanc
765 2228 906 2292 ueritatis
923 2247 1102 2292 mensuram
1118 2230 1221 2312 gratia

91 2331 286 2410 praecedente
317 2335 348 2395 et
378 2335 490 2395 conatu
522 2332 708 2415 adsurgente
738 2350 801 2396 non
831 2334 980 2414 sequitur,
1011 2333 1123 2416 dignus
1151 2334 1220 2412 erit,

91 2434 138 2512 qui
160 2453 178 2498 a
200 2437 296 2499 sacris
327 2435 488 2499 liminibus
519 2439 669 2499 arceatur.
718 2454 774 2519 ego
797 2439 903 2500 temen
928 2437 1120 2501 indiuiduam
1144 2438 1220 2501 mihi

91 2535 255 2604 bonitatem
286 2544 373 2604 tuam
400 2544 465 2604 toto
489 2540 626 2603 sincerae
650 2539 851 2624 benignitatis
875 2542 1018 2624 amplexu
1042 2543 1074 2605 in
1098 2543 1149 2605 uia
1172 2561 1219 2604 re·
1247 2568 1272 2606 ιο

92 2642 185 2707 tineus
209 2645 291 2708 iutra
314 2645 422 2708 matris
446 2645 594 2707 ecclesiae
616 2645 770 2728 gremium
786 2664 970 2726 permanere
986 2647 1147 2728 repudiato
1163 2647 1220 2710 hoc

91 2765 185 2810 errore
208 2749 359 2812 desidero.
404 2749 456 2830 qui
480 2749 506 2811 si
530 2749 590 2812 cito
613 2753 788 2831 respuatur,
817 2749 992 2832 ignorantia
1015 2751 1111 2814 fuisse
1136 2751 1220 2813 uide-

91 2848 177 2932 bitur,
206 2851 402 2935 blasphemia
425 2870 498 2916 uero
522 2852 727 2935 reputabitur,
752 2853 778 2916 si
801 2855 1002 2936 pertinaciter
1025 2853 1218 2918 defendatur.

90 2973 211 3035 grauem
232 2975 367 3038 namque
388 2957 419 3020 iu
438 2961 596 3021 auctorem
613 2961 829 3039 retorquemus
844 2959 1004 3038 inuidiam,
1028 2959 1053 3021 si
1070 2959 1219 3038 dicamus,

91 3061 164 3140 quod
194 3061 220 3124 ei
251 3061 491 3144 possibilitatem
523 3063 732 3144 capessendae
763 3063 872 3126 salutis
904 3063 1037 3126 nolucrit
1066 3063 1139 3126 dare
1166 3063 1219 3144 qui
1246 3089 1272 3126 es

91 3165 183 3246 periit,
207 3167 250 3248 [ei
275 3165 447 3246 dumtaxat,
472 3167 523 3248 qui
547 3185 656 3248 capere
680 3167 742 3230 iem
766 3167 862 3248 possit
881 3167 1001 3230 arbitrii
1017 3167 1218 3248 libertatem]

189 3347 232 3416 13]
250 3346 313 3400 Luc.
329 3349 369 3410 17,
385 3349 423 3402 10.

130 3523 141 3575 l
156 3519 323 3574 distrueutur
335 3521 369 3590 P,
388 3520 562 3574 destruuntur
576 3521 599 3576 S
649 3520 826 3575 deducimur
841 3523 884 3598 Sl,
898 3521 1040 3574 asserimus
1053 3523 1080 3576 P
1131 3523 1147 3576 3
1164 3523 1218 3590 ipse

91 3631 234 3690 Mommsen
286 3633 369 3703 ipsius
392 3633 533 3687 famrdatui
556 3635 697 3690 Beronices
750 3601 919 3686 ddesidism
939 3635 966 3688 P
1017 3635 1170 3690 8olficiose
1190 3637 1219 3702 S,

90 3715 227 3774 laboriosae
246 3722 388 3776 Beronices
441 3721 583 3774 asserimus
597 3721 624 3775 P
675 3722 979 3790 opresumptionems
1031 3725 1059 3777 ll
1081 3722 1219 3790 susciperi-

92 3819 144 3858 mus
167 3809 193 3862 P
261 3807 504 3877 pronuntiamuso
575 3809 607 3863 12
629 3808 760 3876 premium
784 3809 813 3876 S,
838 3809 972 3876 praecium
996 3809 1029 3878 P,
1050 3809 1222 3878 precluum

93 3893 120 3945 13
131 3894 304 3964 euarrgelistla
316 3893 465 3964 dieentejls
518 3895 649 3962 lbperP
700 3893 1089 3964 abreuitnteS,braeuituteP
1135 3898 1167 3950 16
1180 3913 1219 3948 re·

91 3995 173 4048 cepere
192 3983 242 4038 PS
303 3985 334 4038 17
353 3982 468 4050 gratiam
488 3983 515 4036 P
576 3985 607 4037 19
626 3999 642 4034 a
659 3983 757 4036 onall
813 3981 950 4036 liminibus
972 4001 1005 4038 en·
1027 3982 1172 4036 luminibus
1195 3984 1222 4036 P

92 4069 185 4138 tamen]
204 4073 293 4124 autem
312 4071 454 4125 Baronine
507 4068 573 4122 mihi
591 4087 676 4124 onus
728 4071 762 4124 20
781 4069 881 4122 sineere
900 4071 927 4123 P
982 4070 1144 4138 ire-gremio
1163 4071 1220 4124 Bu-

91 4157 178 4210 rorn'ns
243 4159 273 4212 21
296 4156 446 4212 eclesiaeS
513 4157 678 4225 permanere]
699 4159 724 4209 te
743 4157 807 4210 cdd.
826 4157 976 4210 dlorremscn
1044 4159 1077 4210 22
1097 4157 1219 4224 ignorau-

91 4239 137 4293 tine
160 4243 186 4295 P
249 4243 345 4296 urissae
369 4245 396 4297 P
459 4245 492 4298 24
519 4245 652 4310 gruueS
711 4259 840 4312 namquee
865 4244 891 4296 P
950 4245 984 4298 25
1012 4241 1166 4311 cepiseudae
1195 4245 1222 4297 P

91 4327 121 4380 26
137 4329 344 4384 ei-libcrtatem
364 4331 397 4398 P,
415 4349 465 4386 onu
480 4331 543 4399 HS,
561 4347 643 4400 penore
661 4332 740 4385 crenis
758 4331 857 4384 ierclnsr'
910 4333 1030 4399 possete

1013 4415 1063 4468 11·
