2886 4928
224 355 284 418 152
605 355 640 409 11.
660 356 704 408 De
722 355 843 424 spiritu
862 359 973 408 sancto

221 550 289 595 esse
320 535 438 595 statuat
468 537 500 596 et
529 533 640 596 minori
670 531 840 596 debitorem
872 532 909 595 de
939 533 1128 596 contumelia
1155 533 1279 596 meionis
1302 533 1352 596 ad-

221 636 313 699 dicat.
361 654 421 700 nen
452 637 496 700 ita
526 639 582 700 est.
629 637 795 700 manifeste
825 637 932 700 diuina
957 637 1116 720 praeditus
1139 641 1187 702 est
1207 640 1352 719 petentia,

221 741 260 804 ad
290 759 384 822 quem
415 741 569 824 sacrilegii
602 742 735 804 refertur
765 741 893 820 offensa,
924 741 961 804 de
991 759 1050 822 que
1081 741 1141 805 alie
1171 741 1238 806 lece
1268 741 1351 805 dieit:

222 845 283 926 qui
314 849 436 908 eutem
464 844 788 927 blasphemauerit
810 845 845 910 iu
870 845 1046 928 spiritum
1071 849 1255 925 sanetum,
1285 865 1351 910 nen

182 975 194 1013 s
221 947 376 1012 habebit
405 950 659 1014 remissionem
691 968 808 1032 neque
839 951 874 1012 in
906 949 973 1015 hee
1003 951 1153 1014 saecule
1179 969 1297 1032 neque
1319 951 1352 1014 in

221 1053 357 1117 future.
399 1073 472 1117 eum
495 1072 567 1138 erge
591 1055 837 1137 transgressione
860 1055 1060 1138 temptauerit
1082 1055 1186 1135 deum,
1208 1055 1351 1120 fefellisse

221 1157 334 1222 dieitur
369 1158 513 1241 spiritum
544 1161 697 1222 sanetum.
744 1162 931 1243 quapropter
957 1159 1083 1242 spiritus
1115 1159 1215 1224 saneti
1245 1163 1278 1223 et
1307 1159 1352 1222 dei

220 1279 316 1325 unam
350 1281 492 1342 eausam,
526 1281 622 1326 unam
651 1263 798 1346 gloriam,
833 1281 927 1326 unam
959 1281 1109 1348 cognosse
1139 1265 1352 1328 reuerentiam.

221 1371 253 1429 et
280 1366 347 1429 ideo
374 1367 607 1430 euidentissime
630 1367 668 1430 de
691 1367 804 1450 spiritu
827 1371 933 1432 sancte
956 1369 1096 1450 sequenti
1120 1387 1263 1432 sermone
1286 1386 1353 1432 een-

170 1497 195 1534 11
221 1469 325 1534 elusit:
349 1488 420 1534 nen
444 1489 495 1550 θε,
519 1471 628 1554 inquit,
652 1472 832 1536 mentitus
856 1469 1086 1552 hominibus,
1110 1472 1173 1536 sed
1196 1472 1271 1536 dee.

265 1573 425 1655 Loquente
447 1575 540 1639 Petro
564 1575 602 1639 ed
626 1575 805 1641 Cornelium
829 1575 1108 1658 obstupuerunt
1137 1595 1177 1640 ex
1205 1577 1354 1640 eireum-

222 1677 364 1742 cisione
395 1679 543 1760 fideleS,
574 1681 637 1761 qui
667 1683 850 1744 uenerant
879 1699 960 1744 aum
986 1681 1110 1760 Petro,
1141 1681 1226 1764 quia
1257 1685 1292 1744 et
1320 1681 1353 1742 in

222 1783 394 1848 nationes
424 1783 546 1867 gratia
576 1784 735 1868 spiritus
762 1786 885 1848 saneti
907 1785 1050 1848 diffusa
1073 1788 1138 1849 est.
1184 1785 1272 1848 uides
1295 1783 1354 1865 spi-

221 1887 318 1951 ritum
349 1892 494 1952 sanetum
525 1905 585 1952 nen
617 1889 654 1952 de
682 1888 794 1968 aliene,
826 1889 879 1952 sed
910 1889 947 1951 de
976 1889 1099 1972 proprio
1128 1889 1262 1973 gretiam
1287 1907 1354 1952 een·

170 2019 194 2059 11
222 1992 340 2056 tulisse.
387 1992 413 2056 si
435 1993 585 2075 requiras,
616 1993 685 2074 quis
709 1994 750 2057 sit
772 1994 843 2072 iste,
874 1993 927 2074 qui
959 1993 1094 2076 gratiam
1125 1993 1218 2074 dedit,
1253 2011 1356 2057 cense-

220 2101 352 2178 quenter
387 2097 508 2160 edeeuit
542 2098 662 2161 disens:
700 2097 729 2161 si
766 2115 850 2181 erge
886 2098 1038 2161 eandem
1068 2099 1229 2181 gretiam
1258 2098 1356 2161 dedit

221 2201 300 2264 illis
322 2202 421 2265 deus.
456 2201 538 2265 hune
554 2203 672 2284 gratiae
688 2201 868 2285 largitorem
885 2201 1028 2285 superius
1044 2203 1189 2284 spiritum
1205 2205 1356 2280 sanetum,

221 2305 270 2368 hie
302 2305 395 2369 deum
426 2306 602 2387 specialiter
633 2305 812 2370 deelarauit.
863 2305 927 2370 illie
957 2306 1091 2389 proprio,
1121 2307 1172 2370 hie
1202 2305 1356 2371 eemmnui

222 2410 348 2474 nemine
377 2409 526 2491 probatur
556 2410 669 2474 iterata
699 2410 862 2475 confessio.
908 2429 980 2474 eum
1013 2414 1119 2475 autem
1150 2410 1238 2475 dieit:
1270 2416 1302 2475 et
1326 2410 1356 2473 in

170 2541 195 2579 1ο
223 2514 365 2578 nationes
386 2515 486 2597 gratia
509 2515 636 2598 spiritus
659 2515 758 2580 saneti
781 2515 879 2578 effusa
902 2519 960 2594 est,
984 2515 1051 2597 ipse
1067 2518 1194 2580 naturae
1210 2516 1286 2579 deus
1303 2517 1356 2592 est,

222 2618 275 2699 qui
299 2623 405 2682 aueter
428 2623 477 2683 est
499 2620 626 2702 gratiae.
662 2620 720 2684 soli
744 2619 800 2682 dee
823 2619 975 2702 competit
997 2619 1034 2682 de
1058 2637 1114 2684 suo
1137 2619 1355 2683 charismatum

223 2722 304 2786 dena
333 2723 449 2806 largiri,
481 2727 516 2787 ut
547 2727 578 2786 et
608 2723 645 2786 de
677 2741 712 2787 eo
743 2723 901 2806 apestolus
925 2723 1038 2787 dixisse
1062 2723 1219 2787 uideatur:
1250 2723 1357 2787 ebun-

223 2827 373 2892 dantius
406 2829 485 2892 illis
515 2827 688 2892 omnibus
718 2827 899 2892 laboraui.
946 2847 1015 2892 nou
1041 2831 1268 2911 egerentem,
1299 2825 1355 2890 sed

223 2932 347 3016 gratia
376 2932 433 2994 dei
466 2951 616 2996 meeum.
662 2934 772 2996 merite
803 2933 879 2996 deus
902 2932 1131 3016 pronuntiatur,
1163 2931 1216 3013 qui
1239 2932 1358 3014 dispen-

171 3061 196 3100 11
225 3039 309 3100 sator
336 3041 383 3100 est
405 3037 523 3120 gratiae
548 3041 578 3100 et
601 3037 711 3101 salutis
743 3037 908 3101 humanae.
955 3040 987 3100 et
1016 3037 1103 3100 addit
1123 3035 1250 3100 Petrus:
1281 3035 1357 3117 quis

225 3159 290 3223 ege
321 3159 433 3220 eram,
464 3141 524 3221 qui
554 3159 703 3223 possem
732 3140 931 3224 prohibere
963 3141 1091 3204 deum?
1136 3140 1224 3204 illum
1256 3140 1358 3220 utique

225 3245 328 3324 deum,
360 3245 410 3326 qui
442 3265 475 3308 se
505 3246 538 3309 in
569 3246 710 3310 nationes
740 3245 791 3309 uel
822 3245 853 3308 in
886 3243 1063 3310 Cornelium
1094 3245 1213 3327 impetu
1244 3243 1358 3328 gratiae

225 3349 406 3412 inundantis
431 3348 548 3413 effudit.

328 3565 538 3635 4]Mare.3,2d.
581 3566 801 3635 ruteniam.
844 3565 1071 3635 re]Act.1r‚17.
1113 3564 1356 3634 22]1Cor.15,10.

225 3655 270 3724 25]
290 3655 349 3708 not.
364 3657 406 3718 11,
421 3656 460 3709 rr.

271 3874 482 3930 leenstituatn
535 3871 648 3926 meineri
666 3872 694 3925 P
745 3827 852 3923 addicet
867 3869 894 3924 R
947 3867 1124 3924 2manifeste
1137 3871 1170 3936 P,
1188 3867 1358 3922 manifestes

226 3961 363 4031 praeditus
386 3965 426 4014 est
448 3959 578 4014 diuinae
648 3957 796 4014 30ffensse
814 3959 841 4011 P
909 3955 967 4008 leae
989 3957 1052 4010 add.
1073 3957 1116 4012 R²
1185 3958 1359 4010 isanetnsn

227 4047 430 4104 9eoneluditu
485 4049 516 4101 12
535 4045 809 4114 quiasapraser.1t²‚
829 4061 878 4099 em.
899 4045 926 4098 P
980 4045 1012 4098 13
1030 4043 1145 4098 effusae
1200 4043 1230 4097 ld
1249 4041 1358 4110 gretiam

227 4153 277 4189 om.
306 4155 321 4190 u
397 4137 427 4188 15
456 4133 680 4200 dedit-gratiam
707 4150 757 4186 ene.
787 4133 813 4185 P
889 4132 923 4186 20
950 4131 1038 4198 gratie
1064 4136 1126 4184 arete
1153 4128 1219 4182 dicit
1244 4130 1321 4184 habet
1346 4143 1360 4179 u

227 4225 257 4276 21
279 4222 449 4274 carismatum
471 4221 523 4274 PR
575 4223 608 4275 m
627 4218 826 4276 habundantius
849 4219 875 4274 R
928 4217 1118 4276 nsandides
1170 4213 1361 4288 aase1esr1'

228 4310 256 4372 in
272 4315 334 4388 pest
353 4307 394 4365 uel
413 4325 493 4364 enr.v
544 4308 709 4380 impetume
