2886 4928
536 439 634 492 Libor
652 440 681 493 ΙΙ
699 442 722 494 4.
840 455 842 464 ’
1137 442 1198 506 143

71 618 211 680 sanctus
224 616 525 698 obloquebantur
541 617 681 702 linguis
698 621 733 682 et
748 616 1036 700 prophetabant.
1061 618 1197 698 aduerte,

71 717 142 800 quia,
162 737 232 785 cum
248 719 448 805 baptizantur
464 721 496 786 in
512 721 736 803 ruminalem,
760 725 869 806 postea
884 722 1040 804 accipiunt
1056 723 1199 806 spiritum

70 827 202 890 sanctum
218 828 250 890 et
264 825 479 910 propheticam
496 845 531 890 er
547 825 696 909 paracleti
712 826 908 892 inuocatione
929 827 1086 891 uirtutem.
1126 845 1198 890 nere

71 925 135 992 deus
158 931 214 1011 est,
242 931 296 1012 qui
318 933 390 1013 post
413 929 461 994 dai
485 931 601 996 donum
624 929 810 1013 plenitudini
833 931 953 1013 inponit
983 933 1197 1015 angmentum.

107 1032 181 1100 ldcco
212 1033 334 1100 duabus
366 1035 506 1118 personis
538 1035 570 1100 in
601 1034 758 1117 baptismo
788 1035 971 1118 significatis
999 1039 1088 1119 pater
1110 1036 1199 1099 inuo-
1238 1062 1250 1101 s

70 1141 147 1203 catus
170 1157 238 1204 osse
262 1157 324 1204 non
347 1139 472 1223 legitur,
501 1139 556 1204 sed
579 1143 696 1220 tamen,
724 1142 759 1204 ut
781 1139 863 1204 credi
887 1143 1016 1222 oportet,
1040 1159 1112 1204 cnm
1135 1140 1197 1206 filio

70 1245 96 1305 et
121 1243 227 1326 spiritu
255 1247 364 1308 sancto
387 1244 507 1310 unitate
530 1244 695 1328 potestatis
720 1247 750 1308 et
773 1245 895 1308 deitatis
919 1249 1073 1328 operatur,
1104 1264 1198 1327 quem

70 1345 193 1412 adfuisse
225 1366 315 1412 sacra
344 1348 435 1413 lectio
463 1349 570 1430 tacuit,
602 1366 664 1412 non
688 1349 823 1432 negauit.
870 1367 941 1414 cum
965 1350 1103 1414 uouisset
1125 1367 1198 1433 ergo

69 1451 183 1532 spiritus
213 1457 342 1518 sanctus
373 1472 466 1538 super
498 1471 560 1535 eoa,
592 1457 666 1518 tuno
696 1453 905 1536 loquebantur
934 1455 1049 1538 linguis
1074 1458 1105 1518 et
1126 1471 1198 1538 pro-

68 1555 237 1636 phetabant.
284 1557 367 1640 uide,
398 1561 534 1640 quantae
556 1558 714 1640 potentiae
745 1558 786 1640 sit
816 1557 944 1641 spiritus
976 1561 1112 1622 sanctus,
1165 1559 1197 1622 in
1225 1587 1251 1624 10

69 1657 213 1742 baptismo
241 1666 441 1746 peccatorum
465 1661 640 1728 abremissa
662 1663 826 1743 donantur,
856 1664 888 1726 in
911 1663 1049 1727 aduentu
1072 1663 1197 1746 spiritns

69 1767 157 1830 sancti
180 1767 333 1832 uirtutum
357 1785 488 1832 munera
511 1768 712 1832 conferuntur
735 1771 767 1832 et
786 1767 1010 1832 acoufirmatis
1035 1767 1197 1851 signorum

69 1868 207 1936 miracola
237 1871 443 1938 celebrantur.
491 1871 593 1936 solent
625 1875 730 1936 antam
758 1872 899 1936 ueritatis
923 1873 1017 1936 alieni
1041 1873 1136 1936 etiarn
1160 1873 1197 1936 de

68 1973 184 2054 syllabis
214 1976 407 2042 calumniari.
461 1993 536 2040 nam
567 1994 638 2040 cum
670 1976 706 2040 de
736 1976 874 2040 trinitate
905 1977 1023 2040 dictum
1054 1975 1197 2041 absoluto

67 2079 248 2144 nouerimns:
284 2080 457 2162 quoniam
488 2099 528 2144 er
559 2081 639 2163 ipso
670 2084 706 2144 et
734 2099 798 2164 por
827 2080 949 2164 ipsum
984 2084 1020 2145 et
1048 2081 1084 2144 in
1115 2081 1196 2164 ipso
1224 2107 1249 2146 15

67 2185 146 2246 snut
173 2184 310 2266 omnia,
344 2185 415 2268 plus
451 2203 519 2249 osse
551 2203 586 2248 er
617 2185 685 2268 ipso
715 2202 811 2266 quarn
840 2203 896 2266 per
925 2186 1027 2268 ipsum
1060 2189 1090 2248 et
1120 2185 1196 2248 item

67 2288 317 2369 praepositionem
340 2287 432 2370 hanc,
455 2289 485 2352 id
509 2291 557 2354 est
579 2307 634 2372 per
658 2289 783 2352 maioris
805 2290 1039 2373 praerogatiuae
1062 2308 1131 2354 esse
1147 2309 1197 2354 as-

69 2395 167 2456 semnt
193 2411 288 2476 quam
312 2393 345 2458 in
367 2394 481 2476 ipsum.
527 2394 581 2458 sed
605 2393 686 2458 siin
709 2393 777 2476 ipso
800 2393 837 2456 de
861 2394 971 2476 spiritu
995 2397 1102 2459 sancto
1125 2413 1197 2458 curn

67 2493 261 2563 diminutione
294 2499 461 2580 potestatis
494 2498 612 2562 dictum
643 2497 846 2579 arbitrantur,
881 2499 1010 2563 audiant
1039 2499 1197 2583 praeposi-

66 2598 149 2664 tionis
171 2601 263 2668 huius
287 2601 554 2686 magnificentiam
578 2605 609 2666 et
631 2602 794 2685 accipiant,
819 2603 890 2684 quia
913 2603 1007 2668 etiarn
1024 2604 1195 2668 secundnm
1223 2629 1249 2668 20

66 2703 192 2786 ipsorum
223 2707 428 2772 assertionem
459 2707 496 2771 de
524 2707 633 2788 spiritu
658 2711 765 2772 sancto
788 2708 1033 2791 intellegendum
1057 2712 1113 2772 est.
1159 2710 1195 2772 in

66 2805 151 2891 ipso,
180 2811 291 2893 inquit,
322 2811 485 2874 uiuimus
516 2817 552 2874 et
579 2829 768 2876 monemur
791 2815 826 2875 et
849 2831 984 2876 snmus.
1032 2817 1062 2876 et
1085 2813 1195 2876 merito

66 2909 177 2996 inipso
200 2915 337 2979 uiuimus
361 2918 393 2980 ot
416 2933 579 2979 monemur
602 2919 633 2980 et
657 2935 776 2997 snmus,
800 2916 832 2979 in
855 2935 915 2998 qno
938 2917 1074 3000 reparati
1096 2935 1132 2980 ae
1147 2936 1195 2980 re-

66 3021 193 3097 generati
216 3039 336 3084 sumus.
372 3020 426 3084 sed
450 3023 481 3085 et
503 3039 558 3103 per
580 3021 689 3104 ipsum
708 3021 804 3085 etiam
827 3021 866 3085 ad
889 3021 1033 3105 spiritum
1050 3025 1194 3086 sanctum

66 3123 253 3189 referendum
277 3143 346 3189 esse
369 3127 596 3209 cognoscimus
625 3126 704 3190 sicut
727 3124 839 3189 habes:
872 3125 937 3190 alii
960 3126 1107 3208 quidem
1131 3147 1195 3210 per
1220 3153 1246 3192 es

65 3227 228 3308 spiritum
250 3230 359 3294 datur
379 3247 499 3294 sermo
523 3230 747 3312 sapientiae,
772 3231 837 3294 alii
860 3249 981 3295 sermo
997 3232 1194 3312 scientiae,

65 3327 131 3396 item
168 3335 206 3399 ad
241 3333 420 3400 Hebraeos:
458 3336 519 3417 qui
556 3355 619 3420 per
657 3336 829 3418 spiritum
867 3339 1038 3400 sanctum
1076 3341 1194 3401 semet

159 3541 395 3612 ramosarum.
435 3542 551 3612 anser.
564 3545 603 3606 17,
614 3545 655 3600 aa.
696 3541 925 3612 asprcornae.
966 3544 1192 3614 27]Hebr.s,14.

103 3733 179 3802 2qni
198 3735 226 3790 P
276 3700 670 3805 baptizdturP(nmorr.olt.)
723 3735 1061 3805 nomine]dominiudd.o
1113 3739 1193 3806 Spa·

65 3844 149 3914 raclyti
167 3847 195 3902 P
255 3847 356 3902 uirtute
377 3848 405 3902 P
463 3847 541 3903 ldei
559 3849 653 3905 ooaV
714 3847 829 3917 imponit
852 3849 878 3903 P
947 3817 1101 3920 ngentum
1121 3851 1191 3916 P(u

64 3937 213 4004 mauult),
242 3939 470 4004 argumentans
545 3939 690 3992 dtantum
715 3937 742 3990 P
813 3937 958 3996 Saffuissa
983 3939 1016 4007 P,
1039 3937 1192 3992 abluissor

63 4020 139 4074 lacuit
159 4039 209 4078 om.
230 4023 258 4076 P
326 4037 388 4090 orgo
407 4041 457 4079 corr.
477 4023 504 4076 P
573 4021 848 4091 dloquaebantan
917 4029 949 4081 10
967 4029 1081 4092 quantae
1099 4027 1192 4094 poten-

64 4103 108 4156 tiae
123 4107 167 4178 ν’,
189 4113 291 4178 quanta
308 4109 428 4178 potentia
450 4111 516 4164 V¹P
583 4109 667 4164 sancti
687 4111 714 4164 P
785 4114 816 4166 13
839 4111 1018 4180 celebrantur]
1040 4113 1090 4168 boc
1111 4112 1191 4166 uerbo

63 4190 151 4249 ‹botnit
167 4197 193 4250 V
207 4196 305 4252 addito
323 4215 393 4252 mon.
407 4198 469 4252 ult:
491 4195 537 4250 deb
553 4197 650 4268 pplnm
707 4198 808 4267 euntem]
831 4199 937 4254 enimv
993 4201 1024 4253 14
1047 4195 1147 4250 sillabis
1167 4199 1194 4252 P

64 4279 194 4382 ltzipsor
264 4285 298 4338 22
317 4287 421 4354 etpost
440 4285 555 4338 rrirrirnna
573 4303 624 4341 orn.
643 4304 659 4340 c
676 4292 788 4355 utruque
806 4287 863 4342 loco
921 4289 955 4342 23
974 4287 1015 4354 ac]
1035 4289 1061 4337 et
1079 4304 1095 4340 o
1151 4302 1190 4338 ro-

63 4395 136 4456 ttrati
156 4397 182 4451 R
236 4397 271 4451 25
289 4398 458 4464 agnoscimus
476 4417 492 4454 a
