2920 4928
265 379 381 434 XLVIII
709 381 951 450 Prolegomena.

267 575 364 638 aeque
391 575 427 621 66
454 557 578 637 6661616,
609 577 703 639 quem
730 560 835 622 statim
863 559 1040 640 afferemus,
1072 578 1107 623 61
1130 559 1278 623 Kruschii
1305 559 1394 622 aduo-

264 662 382 725 tatione
405 662 511 726 critica
533 661 774 746 desumpsimus.

309 765 1392 832 (loderParisinusbibliothecaenationalielatinrrs

265 889 295 933 rr.
316 867 417 932 12097
442 869 530 953 (olim
545 869 823 954 Sangermanensis
839 891 869 936 rr.
886 869 960 952 936,
983 871 1178 936 Oorbeieusis
1194 891 1225 935 11.
1241 869 1297 954 26)
1317 889 1390 934 saec.

265 973 415 1037 VI-VII
431 974 495 1056 (11),
516 975 629 1056 dequo
646 975 850 1039 conserendus
866 975 1013 1040 Maassen
1029 977 1049 1039 l.
1066 976 1087 1040 l.
1104 973 1209 1056 1568,
1230 975 1391 1059 epistulam
1431 959 1434 970 ¹

265 1077 389 1141 Paulini
411 1079 450 1142 ad
474 1079 626 1144 Faustum
648 1069 711 1162 (ep.⁸
727 1079 806 1162 IIII)
830 1079 962 1143 exhibet.

309 1181 449 1263 Denique
471 1182 590 1246 codices
613 1183 751 1266 plerique
774 1183 921 1248 Mamerti
938 1183 1107 1264 Claudiani,
1130 1183 1168 1247 de
1190 1183 1303 1264 quibus
1325 1201 1392 1246 corr-

265 1286 396 1349 sulenda
419 1291 468 1350 661
490 1286 583 1350 661116
599 1285 761 1352 Claudiani
783 1307 854 1351 mea
878 1287 1094 1370 (Uindobonae
1117 1284 1223 1369 1886),
1248 1287 1391 1370 epistulae

266 1390 375 1453 tertiae
398 1391 600 1472 posteriorem
623 1395 745 1473 portem
773 1391 858 1473 (1666
881 1411 899 1455 6
922 1391 1025 1456 uerbis
1048 1411 1078 1473 p.
1098 1389 1204 1471 173,9
1231 1389 1391 1475 praecipis

264 1503 302 1554 61
317 1492 540 1578 respondeam)
562 1495 762 1578 suppeditant
777 1495 830 1578 (61.
848 1515 942 1578 supra
961 1515 991 1579 p.
1004 1496 1088 1579 XX),
1104 1513 1234 1576 quorum
1251 1496 1390 1558 lectiones

265 1598 406 1677 selectas,
433 1617 513 1680 quae
536 1599 575 1662 66
598 1618 664 1663 rem
687 1599 788 1663 lacere
811 1599 1007 1680 uidebantur,
1033 1602 1065 1663 in
1088 1601 1146 1664 hac
1169 1599 1302 1663 editione
1324 1615 1391 1661 eno-

265 1703 400 1766 tauimus
424 1707 456 1766 et
477 1703 660 1786 compendio
683 1703 718 1766 M
741 1705 1043 1786 comprehendimus.

308 1807 483 1871 Dolendum
507 1813 564 1888 ost,
587 1807 669 1889 quod
692 1809 829 1872 nondum
852 1809 966 1892 prodiit
988 1808 1080 1872 editio
1103 1808 1209 1872 critica
1224 1807 1390 1884 Hincmari‚

264 1912 315 1992 qui
331 1911 362 1975 in
379 1911 456 1976 libro
472 1912 510 1974 66
525 1911 806 1992 praedestinatione
822 1913 869 1976 dei
887 1917 918 1976 et
932 1913 1029 1976 libero
1046 1911 1172 1976 arbitrio
1188 1931 1213 1975 6.
1232 1912 1246 1972 1
1263 1911 1389 1994 (Migne,

263 2014 379 2080 Patrol.
396 2015 450 2079 lat.
468 2015 581 2080 CXXV
605 2015 659 2098 79)
691 2016 767 2080 duas
790 2017 908 2100 primas
932 2017 1040 2081 Fausti
1063 2021 1095 2080 ct
1116 2017 1225 2080 Lucidi
1248 2015 1390 2097 epistulas

263 2119 391 2201 praebet
414 2119 466 2201 (61.
484 2138 577 2202 supra
599 2139 629 2202 p.
645 2119 744 2204 XIV).

306 2223 410 2304 Atque
441 2224 534 2287 codex
562 2223 582 2288 S
610 2224 885 2307 neglegentissime
914 2225 1038 2307 quidem
1070 2226 1204 2308 scriptus
1236 2229 1292 2303 est,
1322 2241 1389 2286 uem

264 2327 407 2390 librarius
431 2329 555 2412 singula
578 2328 675 2392 uerba
701 2327 789 2412 (162,
807 2327 836 2394 7.
857 2329 905 2394 10.
925 2329 974 2394 19.
999 2329 1138 2410 166,11.
1162 2327 1300 2409 167,10.
1324 2324 1390 2403 174,

263 2430 291 2494 2.
306 2431 327 2494 4
343 2432 415 2516 616.)
438 2434 488 2497 661
509 2435 603 2497 etiarn
625 2435 798 2519 sententias
821 2433 974 2516 (167,19.
995 2434 1065 2514 174,
1078 2434 1107 2498 6.
1127 2432 1198 2514 175,
1215 2435 1240 2496 l.
1261 2429 1331 2512 176,
1343 2429 1389 2493 22.

266 2535 370 2617 179,3
387 2537 459 2620 616.)
489 2539 604 2618 omisit,
634 2539 761 2602 uoculae
788 2539 867 2603 16166
896 2539 1014 2603 6661611
1040 2539 1084 2621 (61
1115 2537 1184 2618 162,
1201 2535 1230 2600 2.
1256 2533 1390 2615 193,17.

222 2677 225 2680 -
263 2661 301 2702 aa
319 2639 390 2720 181,
403 2640 432 2722 6,
449 2639 697 2724 6666661928
714 2643 788 2726 616.)
805 2645 922 2708 66111661
938 2663 974 2706 ex
989 2644 1126 2726 proxime
1143 2639 1390 2706 antecedentibus

262 2765 317 2828 per
332 2746 501 2809 momoriae
516 2747 639 2829 lapsum
655 2747 814 2830 repetitae,
836 2749 959 2813 uocales
975 2749 1113 2829 aliasque
1129 2748 1248 2811 litteras
1268 2747 1390 2809 1616166

262 2850 412 2930 66616611,
436 2851 630 2934 exemplaris,
654 2853 736 2933 quod
759 2852 933 2935 descripsit,
956 2852 1052 2917 uerba
1074 2857 1129 2916 aut
1151 2852 1233 2916 male
1253 2849 1327 2933 legit
1341 2851 1391 2912 aut

263 2955 430 3019 oscitanter
454 2955 615 3020 scribendo
639 2955 782 3036 reddidit,
804 2961 841 3020 61
862 2957 1004 3038 inprimis
1027 2975 1139 3020 uocum
1162 2955 1390 3022 terminationes

261 3060 374 3140 partim
405 3077 530 3142 prorsus
561 3061 739 3144 neglegeret
761 3061 877 3143 partim
899 3065 1120 3144 corrumperet,
1150 3077 1283 3142 quorum
1309 3076 1391 3122 men-

262 3163 371 3227 dorum
395 3165 535 3246 exempla
558 3164 667 3228 afferre
691 3165 741 3228 611
763 3183 841 3246 opus
864 3170 1018 3244 6616616
1038 3167 1147 3246 sponte
1162 3165 1194 3227 iu
1210 3179 1390 3244 unaquaque

142 3351 149 3362 ·
262 3271 386 3332 nostrae
410 3268 553 3332 editionis
576 3269 690 3351 pagina
712 3273 874 3333 occurrant
896 3269 1132 3351 inquirentibus.

305 3369 364 3435 Sed
388 3371 408 3436 S
431 3390 620 3454 quamquam
643 3377 689 3436 tot
711 3374 869 3455 tantisque
892 3374 1074 3456 corruptelis
1097 3375 1206 3452 666161,
1231 3376 1333 3436 tamen
1357 3386 1389 3430 er

261 3476 366 3540 codice
393 3477 529 3558 optimae
557 3479 649 3541 notae
676 3477 827 3561 originem
853 3478 956 3558 traxit,
986 3477 1017 3541 id
1044 3477 1125 3560 quod
1150 3475 1390 3542 luculentissimo

262 3581 468 3644 demonstrari
490 3585 603 3664 potest,
634 3582 660 3645 si
691 3583 925 3646 adnotationem
948 3582 1087 3646 criticam
1111 3582 1222 3646 tertiae
1245 3579 1390 3664 epistulae

261 3685 499 3768 perlustramus,
530 3704 609 3768 quae
637 3705 672 3749 61
699 3689 787 3769 perte
814 3687 845 3750 in
873 3683 1020 3750 Mamerti
1048 3685 1212 3751 Claudiani
1239 3683 1389 3750 codicibus

262 3793 371 3854 616161.
409 3789 452 3854 ibi
476 3791 559 3854 enim
582 3809 653 3864 cum
677 3791 814 3854 codicem
837 3791 991 3874 optimum
1014 3789 1177 3855 Claudiani
1200 3790 1389 3873 Lipsiensem

261 3894 363 3958 solum
383 3911 618 3975 nonnumquam
639 3912 711 3957 oum
727 3892 748 3958 6
763 3896 939 3978 conspirare
956 3895 1099 3959 uidemus
1114 3931 1157 3941 —
1172 3895 1259 3958 uelut
1274 3913 1302 3977 p.
1322 3889 1389 3968 173,

264 3997 300 4059 11
325 4017 399 4075 aaa,
425 3996 495 4078 171),
515 3997 554 4061 13
573 3997 807 4061 aestimandum
830 3997 1094 4084 (6611666666),
1119 3997 1245 4080 177,13
1267 4017 1298 4060 oc
1320 4015 1389 4074 om,

263 4100 403 4182 179,11,
430 4101 484 4165 ubi
511 4093 903 4182 661666616661661111111
930 4125 1075 4190 66966666
1102 4103 1247 4168 exhibent
1272 4105 1390 4185 practer

261 4205 464 4289 Lipsieusem,
494 4207 546 4288 qui
569 4227 750 4292 oopooaeerc
772 4208 910 4291 praebet,
941 4209 1023 4291 quod
1049 4229 1104 4292 per
1132 4209 1244 4272 calami
1271 4209 1388 4290 lapsum

223 4396 226 4404 Ι
261 4329 296 4372 61
313 4313 447 4393 genuina
462 4311 593 4375 lectione
610 4333 790 4396 recognosce
806 4311 854 4394 (S)
871 4317 980 4378 natum
998 4317 1046 4378 est
1060 4349 1113 4394 -,
1136 4317 1204 4377 tum
1220 4312 1301 4377 haud
1323 4327 1390 4373 raro
