2920 4930
521 413 650 468 Liberi
671 417 744 470 1—2.
1161 415 1200 478 13

117 591 170 655 Sed
195 592 268 655 dicit
293 591 440 674 Pelagius
468 591 536 655 ideo
564 608 624 654 non
653 609 721 654 esse
747 591 896 674 originale
924 594 1100 674 peccatum,
1129 592 1202 672 quia

84 695 138 776 ipsa
151 697 397 778 concupiscentia
418 696 628 780 generationis
652 715 688 758 en
711 695 768 759 deo
791 695 840 759 sit.
875 695 958 758 unde
975 699 1081 758 autem
1097 697 1202 760 ueniat

83 817 163 864 nesus
184 801 253 881 iste,
276 801 330 883 qui
353 804 493 884 posteros
516 800 623 880 trahit,
648 800 674 863 si
690 801 846 882 requiras:
871 799 937 864 sine
961 798 1054 864 dubio
1077 819 1132 883 per
1154 801 1202 864 in-

83 905 222 968 centiunm
246 905 430 969 maledictae
450 904 658 988 generationis
679 905 820 968 ardorem
844 907 875 968 et
896 923 951 988 por
973 903 1201 968 inlecebrosum

83 1009 226 1091 utriusque
254 1010 394 1092 parentis
422 1010 609 1093 amplexum.
656 1027 729 1072 nam
758 1027 829 1072 cnm
857 1008 946 1072 illurn
969 1009 1071 1072 solum
1094 1009 1201 1073 uideas
1241 1025 1254 1063 ⁵

82 1110 113 1172 ab
133 1113 269 1196 originali
291 1115 454 1178 inmunem
477 1132 545 1178 esse
569 1113 764 1196 contagione,
787 1113 840 1194 qui
863 1131 925 1178 non
943 1130 1046 1194 carne,
1069 1113 1123 1176 sod
1139 1114 1202 1196 spi-

82 1219 141 1300 ritu,
162 1239 215 1284 nec
232 1221 445 1286 erubescenda
467 1221 623 1304 passione,
647 1220 701 1284 sed
722 1219 876 1302 stupenda
898 1219 1113 1284 benedictione
1129 1236 1202 1282 con·

81 1329 174 1406 ceptus
200 1329 264 1407 est,
296 1343 430 1410 agnosce
457 1343 586 1390 causam
615 1325 692 1389 mali
718 1324 879 1409 originalis
910 1325 947 1389 de
974 1323 1201 1389 oblectamento

81 1433 176 1492 uatum
204 1430 415 1513 conceptionis
450 1433 481 1494 et
512 1429 549 1493 de
580 1429 656 1494 uitio
687 1429 867 1512 uoluptatis.
913 1433 1076 1513 propterea
1106 1431 1201 1494 etiam

80 1531 169 1596 Adam
191 1539 220 1598 et
235 1535 336 1598 Euam
359 1535 391 1598 in
407 1534 526 1618 origine
543 1552 600 1598 sua
615 1533 762 1598 obnoxios
786 1533 919 1598 conditio
935 1533 996 1598 ista
1011 1552 1072 1598 non
1090 1535 1200 1614 tenuit,
1230 1547 1254 1585 ¹⁰

80 1637 142 1714 qnia
153 1657 170 1701 a
181 1637 310 1702 duomm
327 1638 501 1702 ministerio
514 1655 621 1702 eornm
637 1657 760 1720 quoque
776 1641 861 1702 ortus
878 1637 998 1702 alienus
1014 1637 1202 1702 inlecebram

81 1738 105 1800 iu
130 1741 173 1804 sni
195 1743 359 1807 natiuitato
387 1746 418 1806 ot
440 1743 596 1806 creatione
624 1742 766 1806 nesciuit.
813 1742 867 1806 sed
894 1742 1024 1806 forsitan
1051 1742 1202 1823 requiras,

80 1861 161 1922 quare
177 1847 207 1910 in
222 1851 374 1929 conceptu
395 1847 436 1910 sit
456 1849 594 1930 positum
610 1847 760 1930 originale
776 1846 934 1910 delictum.
963 1846 1088 1910 initium
1104 1847 1201 1910 totius

80 1949 172 2012 ruinae
193 1950 421 2015 inoboedientia
440 1951 509 2016 fuit.
551 1952 688 2034 primurn
708 1952 791 2016 enim
817 1953 970 2016 exaltatus
986 1951 1080 2016 homo
1094 1955 1203 2034 postea

79 2049 244 2118 hurniliatns
268 2060 316 2119 est
339 2059 371 2120 et
392 2055 549 2120 confusus
601 2060 632 2120 et
654 2057 737 2138 quia,
760 2075 840 2120 cum
864 2057 900 2120 in
923 2055 1063 2121 honore
1087 2059 1201 2136 esset,
1230 2075 1254 2116 rs

79 2173 137 2220 non
158 2159 359 2240 intellexit,
383 2159 451 2240 ideo
466 2163 691 2242 conparatus
713 2163 769 2224 est
788 2161 968 2225 iumentis
988 2159 1202 2243 insipienti-

78 2255 136 2324 bus
158 2267 192 2326 et
212 2264 350 2328 similis
374 2263 496 2328 lactus
520 2268 577 2328 est
599 2264 687 2328 illis.
715 2265 864 2346 quamdiu
880 2283 953 2348 ergo
969 2264 1051 2328 circa
1066 2264 1201 2328 auctoris

78 2363 247 2448 obsequium
270 2367 430 2432 humilitas
454 2369 663 2432 reuerentiam
687 2369 798 2448 tenuit,
823 2369 996 2433 nuditatem
1011 2369 1202 2433 conscientia

79 2466 254 2535 inmaculata
281 2489 342 2536 non
370 2472 484 2552 sensit,
516 2489 588 2535 cum
615 2490 689 2536 uero
717 2473 770 2536 illo
798 2474 915 2553 animo,
943 2477 979 2537 ut
1005 2473 1081 2537 dens
1109 2476 1201 2553 esset,

78 2577 192 2652 gustum
215 2575 275 2640 eibi
297 2575 400 2640 letalis
423 2575 554 2659 adpetiit
577 2579 609 2640 et
630 2576 840 2640 damnandam
864 2577 1062 2660 cupiditatem
1085 2578 1118 2642 in
1134 2595 1201 2642 anr-
1228 2599 1254 2638 so

78 2673 166 2742 bitum
182 2681 356 2744 maiestatis
380 2679 527 2761 extendit,
551 2681 704 2745 inmemor
726 2681 804 2765 legis
828 2685 858 2746 et
881 2683 1099 2748 mandatorum
1122 2683 1199 2767 legis

77 2781 188 2848 rebellis
216 2785 368 2850 multatur
396 2785 619 2869 inpugnatione
648 2785 860 2850 membrorum
893 2791 933 2866 ot,
962 2787 1037 2850 dum
1065 2787 1200 2870 aequali·

79 2889 164 2950 tatem
186 2889 304 2953 domini
332 2889 380 2952 sui
403 2891 584 2972 praesumit,
612 2890 746 2972 corporis
770 2891 817 2953 sui
847 2891 980 2972 perdidit
1001 2895 1199 2975 potestatem.

78 2987 109 3050 de
123 2991 264 3074 superbia
287 2996 361 3057 nata
384 2997 432 3056 est
448 2993 679 3057 incontinentia.
718 3011 791 3057 nam
815 2995 888 3076 quid
911 2995 943 3058 in
959 3012 995 3058 eo
1017 3014 1200 3078 percussum

79 3099 149 3159 esset
172 3097 318 3176 ostendit,
349 3097 472 3179 quando
501 3097 678 3162 uerecunda
708 3099 851 3162 contexit.
898 3101 1067 3181 praecessit
1098 3101 1199 3181 elatio,
1227 3121 1252 3161 rs

78 3203 173 3264 secuta
193 3201 334 3266 conlusio
356 3205 413 3266 est.
453 3201 626 3266 diuinitatis
649 3201 832 3266 ambitiosus
855 3203 992 3268 libidinis
1015 3205 1117 3288 coepit
1132 3224 1200 3270 esse

77 3305 215 3385 captiuus.

112 3405 166 3473 Sed
187 3411 321 3476 forsitan
344 3411 442 3476 dicas:
470 3411 544 3500 duur
568 3411 645 3476 haec
667 3411 804 3493 disseris,
828 3407 953 3495 nuptias
978 3412 1125 3478 damnare
1148 3414 1201 3478 de·

76 3512 273 3590 prehenderis.
313 3532 375 3580 non
403 3516 448 3580 ita
474 3521 529 3581 ost.
569 3517 720 3580 ordinatio
748 3517 895 3598 nuptialis
924 3535 960 3580 ex
986 3517 1200 3583 benedictione

168 3687 211 3756 rs]
230 3686 330 3742 reum.
349 3689 391 3752 rs,
406 3691 445 3744 13.

111 3843 210 3898 tunde
227 3863 262 3900 aa
279 3848 310 3898 ut
329 3843 361 3898 de
380 3845 408 3899 P
475 3843 594 3900 3trahit
609 3846 716 3915 scripsi,
735 3845 852 3898 trahitur
868 3845 901 3914 P,
924 3846 997 3916 quod
1013 3853 1044 3901 aa
1061 3853 1200 3903 sanarem

76 3927 175 3986 eddom
192 3949 240 4001 per
258 3938 321 3986 aab
345 3934 463 4000 posteros
492 3933 661 3988 inamoenmt
744 3939 808 4002 poet
834 3933 952 4000 requiras
979 3935 1200 4006 interrogationis

76 4015 169 4082 tionum
190 4021 225 4074 ab
248 4019 324 4074 editt.
349 4025 490 4074 auratum
518 4019 612 4086 deleui,
639 4021 673 4087 of.
699 4037 763 4090 pop.
787 4025 811 4088 7,
831 4023 867 4074 29
932 4023 947 4076 7
976 4019 1149 4075 erubisoenda
1175 4023 1202 4075 P

77 4109 205 4159 taenosce
225 4107 253 4160 P
305 4107 406 4161 baum
424 4109 514 4158 uatarn
532 4105 725 4162 scribendum?
785 4109 816 4161 12
836 4105 957 4160 forsitam
977 4109 1004 4162 P
1060 4111 1093 4162 22
1112 4111 1199 4161 muta-

77 4195 112 4239 tur
132 4191 168 4244 ΡΙ
239 4191 432 4261 inpugnatione
459 4193 575 4258 corrasi,
604 4191 632 4245 in
658 4191 821 4261 pugnatione
846 4193 879 4262 P,
906 4193 933 4248 in
960 4193 1160 4263 impugnatione
1183 4213 1200 4249 o

76 4273 103 4327 ‘tt
119 4278 247 4350 snperbia]
267 4293 382 4347 namque
400 4279 497 4334 addc
560 4281 594 4335 28
617 4277 738 4332 forsitam
758 4281 785 4333 P
848 4279 975 4334 asseriso
1039 4279 1198 4349 depraehen-

77 4357 177 4419 terre?
