2920 4930
235 385 277 450 56
698 384 720 438 I.
740 385 784 438 De
802 385 911 452 gratia

235 580 353 644 neque
382 579 446 644 per
481 562 605 646 ignem
638 560 865 624 inmunditia
897 563 960 624 tua
991 559 1247 639 exsecrabilis,
1289 559 1379 642 qnia

235 666 411 730 mundare
435 669 470 730 te
493 666 596 730 uolui
620 669 655 730 et
679 683 748 730 non
775 683 812 728 es
841 665 1016 728 mundata
1042 683 1060 728 a
1087 663 1261 728 sordibus
1290 666 1375 728 tuis.

236 789 306 834 ecce
336 770 412 834 deus
442 770 602 834 hominem
633 787 695 833 non
725 769 826 833 solum
858 769 972 833 saluari
1003 772 1102 852 optat,
1137 769 1191 832 sed
1220 785 1277 851 pro
1312 769 1377 832 eius

234 875 420 958 purgatione
447 875 547 938 multo
575 874 680 938 labore
708 874 848 937 desudat.
894 891 984 957 porro
1007 892 1062 956 pro
1089 873 1208 937 ratione
1234 872 1377 936 iustitiae

195 1005 207 1044 s
234 967 289 1061 per
313 998 345 1041 se
374 977 520 1042 effectum
547 978 700 1042 medentis
728 995 803 1041 cura
830 995 891 1042 non
915 978 1050 1060 peragit,
1078 977 1149 1058 quia
1175 977 1375 1041 uoluntatem

235 1083 316 1162 eius,
351 1083 405 1164 qui
436 1085 484 1146 est
514 1082 708 1166 purgandm,
744 1085 852 1165 expect
873 1085 894 1145 t.
946 1083 1035 1147 item:
1071 1082 1209 1145 defecit
1241 1081 1377 1144 suitle-

236 1186 386 1266 torium,
428 1187 571 1250 frustra
612 1187 797 1250 conflauit
835 1187 1024 1250 sufflator.
1073 1186 1238 1249 malitiae
1278 1185 1376 1248 enim

235 1293 383 1354 uestrae
414 1309 484 1354 non
515 1295 601 1355 sunt
631 1294 883 1373 consumptae.
941 1291 1013 1354 dum
1046 1290 1133 1353 audis
1164 1288 1377 1353 sufflatorium

235 1395 285 1458 uel
313 1393 490 1459 conflatoris
518 1395 669 1476 officium,
700 1395 846 1478 intellege
868 1413 981 1477 purum
1009 1395 1171 1458 metallum
1198 1393 1378 1456 adulterina

184 1525 208 1564 ιο
234 1498 438 1580 permixtione
467 1503 647 1580 corruptum
676 1503 708 1562 et
735 1517 753 1561 a
780 1499 914 1562 naturali
938 1498 1116 1562 sinceritate
1142 1496 1303 1560 uitiatum.
1351 1496 1377 1558 si

234 1603 328 1666 homo
358 1602 389 1666 in
420 1607 553 1666 mortem
583 1603 709 1686 inpulsu
741 1620 777 1666 ec
804 1603 965 1666 uoluntate
992 1603 1041 1666 dei
1069 1602 1185 1684 agitur,
1215 1619 1271 1663 cur
1300 1601 1377 1664 item

235 1705 294 1770 snb
318 1706 482 1771 Ezechiele
504 1707 651 1790 inputans
676 1710 706 1770 et
732 1707 820 1770 uelut
846 1707 953 1772 dolens
981 1707 1130 1788 loquitur:
1162 1723 1274 1786 quare
1306 1723 1378 1769 mo·

234 1811 398 1892 riemlni,
429 1812 557 1876 domus
583 1812 718 1892 Israel,
752 1812 924 1894 quoniam
952 1813 1038 1884 ¹nolo
1069 1815 1222 1875 mortem
1252 1810 1376 1893 impii,

235 1916 326 1980 dicit
349 1915 542 1981 dominus?
587 1916 826 1980 reuertimini
854 1920 891 1980 et
913 1916 1044 1979 uiuite.
1090 1919 1121 1978 et
1143 1914 1299 1996 quomodo
1324 1933 1377 1979 eos

183 2045 208 2086 ιε
236 2020 267 2083 in
290 2024 434 2100 mortem,
458 2023 493 2084 ut
513 2020 723 2104 blasphemas,
746 2020 878 2103 inpellit,
902 2037 978 2102 qnos
1002 2020 1162 2084 adultam
1186 2037 1247 2082 non
1271 2019 1377 2083 solnm

235 2127 312 2187 nutu
329 2123 476 2204 iubentis,
497 2125 551 2188 sed
567 2123 681 2188 affectu
702 2125 905 2207 supplicantis
920 2124 1052 2188 inuitat?
1074 2124 1164 2187 item:
1185 2124 1271 2186 uiuo
1292 2141 1377 2206 ego,

235 2229 328 2292 dicit
355 2229 539 2308 dominns,
568 2229 651 2293 nolo
680 2233 833 2292 mortem
861 2229 982 2310 impii,
1010 2228 1072 2292 sed
1095 2232 1134 2291 ut
1157 2231 1377 2291 reuertatur

233 2333 368 2414 impius
393 2350 411 2396 a
433 2333 495 2398 uia
518 2351 584 2396 sue
605 2336 640 2396 et
663 2333 777 2396 uiuat.
811 2333 946 2396 reditum
971 2351 1004 2396 se
1027 2333 1059 2395 in
1082 2335 1235 2414 potestate
1257 2331 1376 2396 habere

234 2439 410 2519 cognoscat,
426 2436 479 2518 qui
495 2455 513 2500 a
529 2437 652 2500 domino
668 2439 864 2519 prouocatur,
883 2439 918 2500 ut
936 2436 1051 2500 redeat.
1074 2435 1160 2500 uiuo
1180 2453 1261 2519 ego,
1283 2436 1377 2500 dicit

181 2566 207 2604 no
234 2540 415 2604 dominus.
454 2561 493 2604 ne
525 2540 562 2604 de
589 2541 784 2624 indulgentia
805 2559 877 2605 reus
901 2539 1032 2620 dubitet,
1059 2539 1150 2603 iudex
1173 2539 1377 2604 clementiam

233 2661 322 2707 suam
354 2644 447 2708 etiam
476 2645 610 2726 quadam
638 2645 826 2708 sacramenti
852 2644 1085 2727 interpositione
1107 2643 1281 2708 confirmat.
1323 2644 1377 2708 sed

233 2768 288 2831 per
311 2748 443 2830 apostoli
466 2747 551 2812 Petri
574 2749 763 2812 sententiam
786 2749 931 2812 uoluntas
953 2747 1172 2831 benignissimi
1197 2747 1378 2813 insinuatur

234 2853 383 2916 auctoris:
414 2871 485 2916 non
509 2853 647 2933 tardat,
677 2853 789 2934 inquit,
813 2852 983 2916 dominus
1006 2854 1228 2936 promissum
1252 2871 1376 2932 suum,

234 2957 297 3020 sed
327 2958 516 3038 patienter
539 2957 616 3040 agit
638 2961 790 3039 propter
813 2974 878 3020 uos
905 2957 1035 3021 nolens
1060 2957 1204 3038 aliquos
1233 2956 1376 3038 perire,

181 3087 207 3128 a
234 3061 297 3124 sed
313 3061 357 3124 ad
372 3061 643 3143 paenitentiam
659 3062 809 3125 reuerti.
847 3062 990 3143 peccanti
1006 3061 1156 3144 ingeritur
1171 3061 1377 3143 paenitentia,

234 3169 269 3229 ut
288 3167 320 3228 in
336 3165 523 3230 conferenda
538 3165 751 3230 misericordia
765 3167 867 3230 locum
888 3166 987 3248 possit
1008 3164 1123 3228 habere
1144 3164 1276 3228 iustitia.
1313 3165 1378 3229 sed

233 3269 435 3350 patienter,
459 3270 571 3351 inquit,
595 3270 675 3353 agit
694 3269 946 3334 emendationem
961 3269 1108 3349 hominia,
1132 3268 1204 3351 quia
1219 3269 1377 3351 inpatien-

233 3376 280 3436 ter
303 3373 469 3453 desiderat,
500 3374 655 3456 patienter
682 3377 833 3456 expectat.
873 3373 950 3437 item
977 3373 1147 3436 secundum
1174 3371 1310 3436 Lucam:
1343 3377 1378 3436 et

234 3481 274 3542 ut
288 3478 618 3561 adpropinquauit,
639 3477 770 3542 uidens
791 3477 987 3543 ciuitatem
1007 3478 1118 3542 fleuit
1137 3495 1248 3560 super
1269 3478 1376 3542 illam

337 3675 365 3746 6]
383 3675 477 3730 Ierem.
491 3678 515 3740 6,
528 3678 570 3732 29.
643 3676 686 3745 12]
705 3675 798 3729 Erech.
813 3677 907 3740 18,32.
980 3675 1023 3744 16]
1042 3675 1135 3729 Erech.
1152 3676 1194 3734 33.
1214 3677 1255 3730 11.
1329 3676 1376 3745 23]

233 3765 250 3818 2
268 3763 339 3816 Petr.
353 3764 378 3827 3,
391 3765 415 3818 9.
477 3763 524 3832 29]
542 3761 605 3816 Luc.
621 3765 661 3827 19,
673 3764 715 3816 41.

279 3955 412 4020 lnequae
431 3955 459 4007 P
509 3952 707 4022 lpugnatione
726 3953 753 4007 P
804 3953 1023 4022 SoonsumteP
1081 3955 1113 4008 lo
1132 3953 1158 4022 a]
1177 3969 1226 4008 eo
1284 3957 1316 4010 ll
1337 3955 1376 4008 in-

234 4040 324 4110 pulsu]
344 4041 496 4096 suocdda
551 4043 582 4095 12
596 4039 791 4094 ezechielemP
842 4040 989 4108 inputaeP
1042 4041 1073 4095 14
1086 4039 1216 4094 uiueteP
1271 4045 1303 4097 18
1317 4041 1376 4096 red-

235 4153 363 4207 utrumn
413 4152 595 4208 conuolare
647 4155 678 4207 21
693 4151 896 4220 sonamus
948 4120 1205 4220 nauseantes
1256 4156 1377 4208 coacto

234 4239 298 4294 riso
351 4241 384 4294 24
396 4240 531 4308 pacienter
544 4241 572 4293 P
623 4238 725 4292 nollens
738 4240 764 4292 P
815 4241 848 4294 25
861 4237 895 4291 ad
907 4255 1042 4307 suprascr.
1054 4239 1089 4292 P¹
1142 4239 1339 4308 paenitenciam
1353 4243 1380 4296 P

233 4325 384 4396 penitencia
403 4327 430 4379 P
479 4329 512 4381 27
530 4325 666 4396 pacienter
683 4325 711 4379 P
762 4323 984 4390 emendationem
1004 4325 1031 4378 P
