2954 4930
238 438 302 502 406
745 437 874 493 Ruricii

238 616 344 677 noster
373 631 429 696 pro
460 631 517 677 sna
545 612 663 696 pietate
693 592 870 696 largissima
899 617 1076 696 peccatores
1106 585 1259 697 castigare
1283 631 1386 695 quam

238 717 378 801 perdere,
400 721 446 797 nt,
471 735 547 798 quos
571 735 723 782 annorum
740 735 868 781 snorum
885 721 970 781 aetas
986 718 1140 802 longaeua
1156 735 1217 781 non
1232 717 1388 795 condicit,
1472 741 1473 750 ¹

238 821 290 885 uel
314 821 478 886 conuincat
501 819 678 902 infirmitas,
702 821 911 905 ntdeponant
926 821 1041 885 saeculi
1057 821 1185 904 byrrum
1205 823 1236 884 et
1253 830 1390 884 sumant

241 925 391 990 eeclesiae
414 925 651 1006 uestimentum,
675 925 757 1007 qnod
777 927 825 989 est
840 925 987 1006 cilicium,
1011 925 1203 990 contritionis
1219 925 1388 1004 indicium,

201 1055 214 1093 s
241 1029 327 1111 qnia
349 1047 410 1093 cor
432 1029 637 1093 contritum
667 1032 704 1093 et
730 1029 971 1093 humiliatum
1003 1029 1091 1094 dens
1122 1046 1193 1092 non
1222 1029 1389 1110 spernit.

240 1133 292 1196 illa
316 1133 400 1196 enim
423 1132 511 1196 uadit
532 1133 570 1197 ad
586 1133 718 1212 caelum,
742 1132 795 1214 qui
819 1151 853 1196 se
876 1133 1003 1196 conlidit
1023 1133 1061 1196 ad
1077 1133 1188 1212 solnm,
1212 1133 1300 1213 qnia,
1327 1133 1391 1214 qni

242 1255 279 1300 se
296 1237 448 1317 exaltat,
464 1236 727 1300 humiliabitur
743 1240 789 1316 et,
805 1237 867 1318 qui
883 1255 921 1300 se
940 1237 1124 1317 humiliet,
1141 1235 1390 1300 exaltabitur.

241 1340 323 1404 unda
352 1343 383 1404 et
405 1339 479 1404 dicit
501 1341 663 1423 paenitens
687 1341 739 1404 ille
762 1341 935 1423 periattns:
966 1340 1137 1404 adhaesit
1165 1339 1391 1422 pauimento

242 1445 366 1508 anima
395 1461 489 1524 mea,
524 1444 684 1524 domine,
718 1444 879 1508 uiuifica
909 1463 964 1508 me
995 1444 1196 1508 secundum
1225 1443 1392 1508 uerbum

192 1577 216 1614 ro
242 1551 356 1612 tunm.
392 1547 464 1630 quid
488 1551 536 1612 est
558 1549 730 1612 secundum
754 1547 885 1612 narbam
910 1551 1011 1628 tuum,
1035 1548 1095 1612 nisi
1118 1547 1291 1612 secundum
1316 1567 1393 1630 pro·

243 1651 426 1716 missionem
449 1655 557 1716 tuam?
581 1652 672 1734 qnod,
696 1653 750 1734 qni
773 1670 877 1716 coram
901 1656 932 1716 te
955 1657 1084 1734 peecata
1103 1670 1161 1716 sua
1175 1650 1295 1716 deflerit
1313 1671 1394 1717 con-

243 1759 379 1838 punctus
401 1755 434 1820 in
458 1755 584 1836 mundo,
608 1759 642 1820 tu
666 1775 738 1820 aum
761 1757 911 1839 perduces
934 1756 967 1820 in
982 1775 1088 1840 regno,
1112 1755 1165 1820 nbi
1179 1756 1281 1837 possit
1297 1756 1395 1821 dein-

245 1877 318 1942 ceps
350 1863 475 1924 cantare
506 1877 648 1924 securus:
681 1861 828 1924 andinit
857 1861 1028 1925 dominus
1059 1865 1106 1924 at·
1125 1861 1302 1924 misertus
1335 1867 1394 1924 est

245 1963 345 2027 mihi.
393 1964 564 2028 dominns
595 1964 719 2028 fectus
750 1969 807 2028 est
830 1963 978 2028 adiutor
1001 1983 1113 2028 meus.
1159 1967 1394 2028 conuertisti

194 2094 218 2134 ns
244 2067 436 2150 planctum
460 2087 577 2132 meum
601 2069 637 2132 in
660 2069 837 2152 gaudium
860 2069 964 2148 mihi,
992 2068 1212 2133 conscidisti
1235 2086 1396 2134 saccnrn

246 2190 364 2236 meum
396 2177 432 2236 et
461 2172 711 2254 praecinxisti
741 2191 796 2236 me
826 2173 983 2238 laetitia.
1029 2173 1111 2237 unde
1139 2172 1252 2236 suadeo
1276 2173 1397 2255 pietati

246 2279 381 2357 uestrae,
398 2281 443 2358 ut,
459 2277 542 2358 quod
557 2277 728 2361 cogitastis,
752 2278 881 2342 celerius
902 2278 958 2341 deo
975 2277 1142 2341 adiuuante
1157 2276 1290 2356 faciatis
1315 2279 1397 2360 quia

248 2398 333 2444 mors
356 2399 418 2445 non
440 2381 544 2445 tardat
566 2381 632 2463 ipso
656 2379 780 2445 domino
805 2381 942 2446 dicente:
966 2400 1010 2445 ne
1034 2381 1195 2445 tarderis
1217 2383 1396 2446 conuerti

250 2485 293 2548 ad
323 2484 429 2548 deum
459 2503 525 2550 nec
556 2485 713 2549 differas
744 2485 786 2548 de
817 2485 874 2549 die
905 2485 942 2549 in
972 2485 1078 2550 diem.
1132 2483 1254 2548 subito
1290 2486 1397 2550 enim

198 2615 223 2654 no
249 2589 378 2653 ueniat
407 2589 463 2652 ira
494 2589 574 2653 eius
607 2591 642 2653 at
665 2589 702 2653 in
725 2591 891 2672 tempora
914 2589 1104 2654 uindictae
1127 2588 1320 2671 disperdet
1347 2595 1395 2652 te.
1474 2637 1475 2650 ,

249 2692 390 2775 ideoque,
418 2693 492 2756 dum
516 2695 639 2775 tempus
662 2691 826 2772 habemus,
850 2697 1069 2757 concertamus
1092 2693 1131 2755 ad
1154 2691 1328 2771 dominum,
1360 2698 1396 2756 nt
1474 2677 1475 2694 ¹

251 2814 312 2860 non
336 2815 408 2860 cum
431 2797 490 2860 hoo
513 2796 630 2861 mnndo
653 2796 848 2876 damnemur,
873 2796 945 2878 quia
960 2797 1028 2860 sine
1044 2795 1138 2860 dubio
1151 2795 1197 2858 illi
1213 2795 1395 2859 misericors

251 2901 326 2964 deus
351 2920 443 2965 suum
466 2904 607 2984 praestat
629 2902 787 2980 amilium,
812 2919 905 2982 quem
928 2901 1011 2964 eirea
1032 2903 1199 2983 praecepta
1219 2917 1276 2963 sua
1291 2901 1396 2964 cernit

251 3006 424 3070 adtentum.

199 3153 225 3191 as
769 3125 871 3190 ΧΧΠ.

473 3286 618 3328 nunionis
641 3285 808 3328 melampus
831 3285 986 3329 nurmslo
1009 3283 1167 3328 salodoro.

296 3421 419 3486 Gratias
454 3439 512 3505 ago
547 3421 774 3486 sincerissimae
807 3422 840 3485 in
875 3420 998 3486 Ohristo
1032 3419 1156 3485 domino
1191 3421 1394 3504 germanitati

253 3528 385 3607 uestrae,
409 3526 491 3608 qnod
513 3526 631 3608 perlato
655 3525 757 3590 taedio
780 3525 819 3590 ed
834 3544 890 3590 uos
906 3529 1012 3590 nostro
1027 3525 1193 3589 confestim
1208 3544 1264 3590 nos
1280 3523 1394 3589 litteris

140 3679 143 3688 .
253 3629 366 3694 uestris
396 3629 523 3694 uisitare
553 3631 634 3694 tanti
664 3629 829 3710 habuistis,
860 3631 922 3712 qui,
953 3631 1026 3694 dum
1050 3628 1243 3694 infirmitatis
1266 3633 1395 3694 nostrae

357 3792 384 3861 5]
404 3791 503 3846 esaim.
517 3795 558 3856 so,
573 3796 612 3848 19.
678 3793 706 3862 a]
724 3791 876 3857 Matinae,
891 3795 930 3848 12.
1001 3791 1029 3862 e]
1048 3789 1146 3845 raom.
1162 3794 1220 3856 118,
1233 3793 1275 3847 ns.
1350 3793 1394 3860 13]

252 3877 350 3932 osam.
364 3881 406 3942 aa,
421 3881 461 3934 11.
517 3879 560 3948 re]
580 3879 659 3933 econ
674 3883 697 3942 s,
711 3882 735 3934 e.

296 4031 313 4082 2
331 4027 484 4095 longsuaS
536 4029 653 4082 conuioit
669 4029 776 4098 scripsi,
795 4027 920 4082 conuenit
932 4029 962 4096 S,
980 4027 1115 4082 conuincti
1126 4029 1202 4094 (Kc.)
1219 4029 1263 4082 aed
1280 4029 1393 4082 oomni

253 4115 317 4168 oia
334 4115 406 4170 notis
459 4113 576 4182 3byrrri
596 4117 624 4182 S,
643 4115 787 4184 byssumo
844 4114 1023 4170 summantS
1083 4117 1184 4169 torum
1202 4119 1309 4184 spernat
1326 4117 1393 4172 aas

254 4201 390 4258 baedam?
443 4199 636 4257 doonladitS
686 4201 863 4257 8adhcsitS
916 4203 948 4258 12
965 4199 1092 4270 perduces
1110 4203 1217 4272 scripsi,
1235 4201 1397 4270 perducisS

254 4302 365 4354 regnum
378 4288 429 4342 Kr.
485 4289 517 4343 16
534 4287 725 4356 precinxistiS
776 4291 809 4344 20
828 4287 935 4344 uenite
987 4285 1153 4356 disperditS
1204 4289 1239 4343 23
1256 4291 1397 4355 pressais

254 4373 287 4426 27
307 4372 481 4428 sincerissime
501 4375 524 4430 S
