2954 4930
455 431 682 502 Epistularum
699 431 781 486 lib.I
799 435 892 488 8-10.
1180 431 1243 494 363

104 608 237 688 confido,
269 609 350 690 quod
379 607 654 672 intercessionibus
684 609 798 672 uestris
830 607 897 671 fieri
925 607 1024 690 possit
1051 625 1160 690 agnus,
1191 607 1244 688 qui

104 715 211 777 uester
233 713 381 777 meruerit
404 731 472 777 esse
496 713 675 796 discipulus,

658 937 696 1000 X.

358 1097 478 1138 DOMINO
500 1096 634 1138 Pnouour
658 1096 715 1138 SUO
738 1096 818 1138 LUPO
841 1095 994 1140 cadurcina.

148 1234 267 1317 Accepi
281 1234 401 1298 litteras
417 1232 686 1316 magnanimitatis
702 1235 784 1311 tuae,
805 1230 918 1313 quibus
936 1249 1082 1295 excusare
1098 1231 1245 1314 dignaris,
1284 1258 1297 1296 s

105 1337 200 1420 quod,
224 1341 261 1402 ut
282 1357 332 1400 me
348 1337 448 1401 rarius
465 1337 657 1418 eloquentiae
673 1339 745 1400 tuae
760 1354 829 1400 rore
844 1353 1018 1419 respergas,
1041 1335 1137 1400 baiuli
1153 1336 1247 1399 iaciat

107 1443 225 1524 inopia,
249 1442 402 1522 simulque
426 1441 521 1504 etiam
545 1440 662 1504 iudicas
683 1443 714 1503 te
734 1440 850 1519 mirari,
873 1457 1031 1526 cuneum
1048 1440 1124 1503 mihi
1140 1457 1246 1503 eorum

105 1545 285 1627 frequentia
305 1547 459 1628 suppetat,
484 1544 651 1609 uerborum
674 1562 795 1625 quoque
819 1545 906 1626 copia
928 1547 1052 1624 compta
1075 1561 1137 1607 non
1157 1543 1246 1623 desit,

107 1648 199 1714 uobis
224 1648 358 1713 scribere
382 1649 505 1730 saepius
528 1649 708 1712 detrectem.
733 1648 814 1729 quod
836 1665 892 1712 uos
915 1665 969 1730 per
984 1647 1125 1727 ironiam,
1141 1651 1184 1724 ‚ut
1200 1651 1247 1711 cst

106 1753 223 1836 leporis
246 1753 343 1816 uestri
366 1752 521 1832 facundia,
546 1753 679 1816 iactasse
702 1769 764 1816 non
784 1751 918 1834 ambigo,
943 1769 1014 1814 cum
1031 1755 1062 1814 et
1077 1769 1132 1815 uos
1149 1750 1248 1815 abun·
1275 1779 1299 1818 ιο

108 1857 190 1920 detis
220 1855 391 1920 tabellariis
422 1859 453 1919 et
482 1875 533 1919 me
564 1855 669 1920 sciatis
700 1855 841 1919 laborare
873 1858 1011 1937 egestate
1036 1855 1187 1919 sermonis
1212 1872 1248 1918 ac

108 1961 275 2031 sterilitate
306 1960 393 2023 exilis
421 1959 539 2042 ingenii
566 1961 652 2023 uelut
675 1960 800 2023 aestiuis
823 1959 984 2022 mensibus
1008 1959 1124 2022 arentis
1148 1977 1247 2022 uenae

107 2083 239 2130 cursum
262 2063 383 2144 sudare,
410 2081 473 2128 non
496 2062 600 2127 fluere.
635 2063 795 2127 addidistis
819 2063 924 2142 etiam,
948 2064 1029 2126 sicut
1050 2061 1166 2126 Achilli
1188 2063 1248 2126 Pa-

107 2168 244 2233 troclum
277 2171 331 2232 aut
353 2167 481 2232 Herculi
504 2168 663 2232 Theseum
692 2169 743 2231 uel
767 2167 887 2231 Theseo
910 2167 1094 2246 Pirithoum,
1124 2167 1169 2230 ita
1191 2183 1246 2230 uos

107 2274 189 2338 mihi
220 2271 331 2336 debere
362 2273 481 2336 sociari.
535 2272 568 2336 in
598 2273 645 2336 his
676 2271 790 2336 fabulis
821 2272 971 2354 factisque
1002 2272 1156 2336 maiorum
1185 2289 1248 2334 non
1276 2299 1300 2338 n

107 2376 362 2462 praerogatiuam
392 2395 604 2460 personarum,
636 2376 690 2440 sed
717 2377 969 2458 conparationem
996 2376 1145 2440 debemus
1173 2375 1249 2439 dile-

108 2481 223 2546 ctionis
259 2481 410 2563 accipere,
446 2485 481 2544 ut
514 2482 685 2545 amisorum
716 2481 889 2544 recolentes
920 2481 1048 2544 nomina
1082 2497 1249 2562 sequamur

110 2585 255 2668 exempla
285 2589 317 2649 et
346 2601 452 2649 eorum
482 2585 514 2648 in
542 2602 598 2648 nos
622 2583 775 2649 uocabula
797 2585 1022 2648 transferentes
1046 2584 1156 2648 merita
1178 2601 1250 2648 cou-

108 2690 250 2754 feramus
274 2692 366 2770 atquc
390 2707 425 2753 er
448 2689 587 2772 ipsorum
609 2689 704 2771 gestis
728 2688 895 2772 magnifica
917 2705 1056 2770 quaeque
1073 2691 1104 2751 et
1118 2687 1251 2751 honesta

109 2795 280 2876 carpentes·
307 2793 391 2857 uitae
418 2797 542 2857 nostrae
564 2793 683 2857 utiliter
706 2796 887 2874 coaptemus
911 2797 942 2856 et
964 2793 1137 2856 sarciamus
1160 2791 1249 2856 nobis
1276 2818 1302 2858 so

110 2898 142 2962 in
167 2897 297 2961 caritate
320 2897 459 2978 candida,
483 2915 545 2960 non
569 2897 744 2962 adulatione
768 2897 873 2960 fucata
895 2897 1147 2976 studeamusque,
1170 2895 1251 2976 quod

109 3003 142 3066 in
168 2999 314 3065 amicitiis
338 3001 463 3064 illorum
485 3004 646 3084 poetarum
663 3001 784 3064 fal'sitas
800 3001 897 3080 finxit,
921 3001 952 3064 in
968 2999 1058 3065 nobis
1075 3000 1249 3064 animorum

109 3106 230 3170 ueritas
253 3107 391 3188 peragat,
416 3108 460 3185 ut,
484 3105 559 3168 dum
581 3105 699 3168 imitari
717 3105 860 3169 uidemur
876 3105 1013 3186 antiqua,
1036 3104 1249 3184 relinquamus

109 3209 267 3274 imitanda
300 3212 331 3272 et
364 3209 522 3273 seniorum
554 3207 639 3274 faeta
671 3209 833 3273 laudantes
866 3209 1029 3272 laudemur
1060 3225 1078 3271 a
1107 3208 1249 3290 posteris.

109 3315 191 3378 haee
215 3330 297 3395 ergo,
325 3313 448 3376 domine
471 3313 525 3394 mi,
553 3311 682 3376 flamma
703 3313 837 3395 pectoris
861 3313 931 3392 mei,
962 3312 1157 3395 persuasioni
1179 3315 1251 3375 tuae
1278 3340 1304 3379 es

109 3435 210 3500 quam
233 3417 439 3482 conscientiae
462 3435 550 3481 meae
575 3417 710 3500 amplius
731 3417 859 3480 credens
875 3417 982 3500 gerulo
998 3417 1166 3480 festinante
1182 3415 1252 3480 bre·

110 3523 195 3586 niter
226 3522 402 3604 cursimque
434 3521 558 3601 dictaui,
589 3539 667 3602 quae
697 3521 808 3603 peritia
834 3525 888 3584 tua
916 3525 946 3584 et
967 3520 1108 3602 probitas
1131 3523 1194 3600 tua,
1225 3521 1252 3584 si

110 3627 208 3692 amici
230 3626 435 3692 uerecundiae
458 3625 658 3706 consuluerit,
682 3629 737 3690 aut
758 3626 859 3690 celare
875 3625 1002 3690 debebit
1018 3629 1072 3689 aut
1086 3625 1251 3689 emendare

110 3729 246 3796 curabit.

155 3910 364 3982 speciensem
377 3912 437 3980 Kr,
455 3913 518 3980 sori.
532 3917 606 3978 reete,
626 3913 660 3980 cf.
670 3929 698 3980 p.
713 3914 772 3978 365,
784 3914 808 3964 6.
822 3914 881 3980 366,
894 3915 935 3966 10.
949 3913 1038 3978 367,5
1090 3913 1106 3968 8
1125 3913 1212 3964 comta
1231 3911 1254 3967 S

109 3997 298 4058 9hirrriniS
351 3997 589 4054 metanoeas
639 3997 798 4053 aestiuusS
863 3995 1053 4054 crusculis
1113 3999 1145 4052 16
1163 4013 1252 4066 praro-

109 4086 278 4158 gatiuamS
340 4087 371 4141 17
396 4085 567 4154 antiquorum
584 4086 768 4155 ijobcmq
791 4083 937 4187 amicprurn
959 4082 1067 4138 illorum
1087 4083 1254 4154 Garatesason

111 4205 146 4258 18
160 4200 189 4253 et
202 4213 292 4252 eorum
305 4198 322 4251 i.
333 4213 358 4252 n.
369 4196 499 4250 uocabula
511 4197 575 4252 cdd.
590 4198 653 4253 Sia
665 4214 749 4266 oaurp.
803 4197 1016 4252 tranferentasS
1067 4197 1099 4250 19
1112 4197 1254 4266 quequqb'

109 4291 144 4344 21
167 4285 303 4353 iugataS
365 4285 398 4338 22
417 4283 582 4339 amicitusS
645 4286 678 4340 28
697 4282 984 4353 considueritseripsi,
1007 4282 1173 4350 concubis,
1192 4297 1252 4336 con-

110 4373 214 4428 sulita
