2924 4924
262 427 326 493 306
699 428 764 484 1111.
783 429 893 484 Sermo
911 431 952 486 21.

195 565 204 588 ⁰
261 605 442 688 Aegyptum
464 603 604 668 infinitae
627 605 843 670 multitudines
866 605 993 669 adsidue
1012 604 1218 670 confluebant.
1257 605 1313 670 sed
1332 605 1385 668 for·

262 711 346 774 tasse
369 709 481 790 aliquis
504 708 596 788 dicat,
619 709 701 790 quod
724 707 835 774 beatus
850 709 964 792 Ioseph
982 709 1132 792 paruulus
1148 709 1256 774 exierit
1272 711 1384 790 epatre

261 831 317 877 suo
340 815 372 876 et
393 813 462 876 ideo
485 830 557 876 eum
579 811 731 876 recordari
753 830 815 876 nou
838 813 998 896 potuisset.
1038 831 1101 878 uon
1122 813 1167 876 ita
1194 815 1251 893 est,
1282 812 1383 876 fratres

261 916 423 980 carissimi.
460 935 538 999 puer
561 917 643 981 enim
667 919 743 996 erat,
767 915 821 980 sed
844 916 979 982 sedecim
1002 934 1156 982 annorum
1178 920 1210 981 et
1236 916 1323 980 nulla
1344 932 1383 978 ra·

222 1051 236 1090 ι
261 1019 344 1084 tione
371 1023 515 1104 parentes
543 1037 616 1084 suos
643 1023 766 1103 poterat
792 1018 944 1086 obliuisci.
982 1037 1056 1084 nam
1084 1022 1116 1084 et
1140 1020 1318 1084 intantum
1340 1035 1382 1082 ecs

260 1123 376 1188 oblitus
398 1141 461 1189 non
484 1128 561 1205 erat,
584 1127 620 1188 ut
634 1124 747 1190 batres
763 1142 846 1206 suos,
869 1123 923 1190 ubi
937 1124 1074 1208 primum
1089 1124 1177 1205 uidit,
1199 1127 1380 1208 agnosceret.

303 1225 363 1292 Sed
385 1227 460 1292 dicit
475 1227 597 1310 aliquis,
619 1226 719 1312 (quia)
733 1229 892 1294 licentiam
909 1231 963 1293 aut
978 1229 1150 1312 potentiam
1167 1245 1229 1292 uon
1249 1227 1381 1292 habuerit

261 1331 405 1396 mittendi
435 1332 474 1396 ad
503 1333 639 1416 patriam
669 1350 768 1397 suam.
807 1333 902 1398 otiam
932 1333 959 1397 si
987 1333 1046 1398 hoc
1077 1332 1166 1414 quasi
1195 1333 1263 1396 neri
1292 1331 1380 1396 simile

257 1436 427 1517 uideretur,
460 1439 570 1520 postea
602 1455 697 1518 quam
728 1437 765 1500 de
795 1455 918 1502 carcere
949 1437 1077 1502 eductus
1109 1440 1158 1502 est
1187 1440 1219 1501 et
1248 1437 1381 1500 dominus

210 1565 234 1606 ιο
261 1541 362 1604 lactus
392 1541 425 1604 in
455 1539 540 1606 omni
561 1544 644 1604 terra
666 1539 813 1624 Aegypti,
843 1541 990 1623 perillus
1014 1545 1254 1624 septemanuos
1281 1537 1381 1604 tortili·

260 1644 334 1708 tatis
364 1647 395 1708 et
424 1643 494 1710 illos
524 1644 612 1725 duos,
642 1645 696 1726 qui
718 1646 866 1710 transacti
890 1649 964 1710 suut
986 1649 1125 1727 tempore
1147 1645 1278 1729 inopiae,
1304 1647 1382 1708 ants·

260 1766 355 1830 quam
377 1749 490 1813 tratres
513 1750 562 1812 sui
585 1749 624 1813 ad
646 1767 719 1813 eum
742 1749 975 1828 descenderent,
998 1769 1054 1832 per
1074 1751 1151 1814 istos
1166 1767 1279 1815 nouem
1294 1765 1380 1812 annos

259 1853 291 1916 iu
322 1854 469 1917 trecentis
500 1851 625 1917 milibus
656 1854 722 1917 sine
753 1853 817 1918 ulla
847 1853 1038 1918 dubitatione
1067 1854 1167 1935 potuit
1199 1854 1320 1917 mittere
1348 1849 1381 1914 ad

259 1960 383 2040 patrem
406 1975 508 2020 suum.
547 1956 601 2022 sed
624 1958 745 2021 occulto
770 1957 883 2022 iudicio
905 1958 963 2021 hoc
985 1957 1129 2021 domiuus
1152 1955 1220 2038 fieri
1240 1975 1300 2020 uon
1320 1973 1381 2036 per-

209 2087 233 2128 rs
260 2061 346 2124 misit
367 2061 399 2124 iu
421 2064 555 2140 tantum,
586 2064 621 2124 ut
643 2079 701 2124 uec
726 2065 802 2125 tunc
832 2079 865 2124 se
896 2060 1111 2125 manifestaret
1139 2060 1286 2125 iratribus
1314 2059 1380 2135 suis,

259 2165 383 2247 quaudo
406 2164 446 2228 ad
468 2165 636 2228 emendum
658 2165 798 2228 triticum
820 2169 1042 2245 conuenerant,
1072 2166 1146 2246 quin
1174 2165 1270 2228 immo
1292 2163 1380 2227 duris-

259 2269 336 2332 sime
370 2269 414 2332 eis
447 2269 578 2350 loquens
609 2272 640 2332 et
669 2269 799 2332 fratrem
830 2269 954 2334 illomm
984 2269 1018 2332 iu
1047 2269 1181 2332 uinculis
1212 2273 1319 2332 tenens
1347 2265 1379 2330 ad

258 2375 380 2454 patrem
403 2391 496 2436 suum
519 2390 571 2436 eos
594 2391 666 2436 cum
688 2373 799 2456 grandi
822 2372 925 2438 dolore
947 2373 1047 2436 redire
1070 2373 1170 2438 iussit.

301 2475 470 2540 Adtendite
486 2477 587 2542 adhuc
607 2481 637 2542 et
653 2477 737 2542 aliud
752 2477 853 2540 maius
869 2477 1062 2541 miraculum.
1101 2477 1215 2557 uidete,
1239 2474 1379 2558 quomodo

207 2605 233 2647 rc
258 2579 371 2663 Ioseph
393 2580 515 2662 beatus,
539 2581 591 2662 qui
614 2584 734 2664 patrem
758 2599 851 2645 sunm
874 2583 1004 2645 nouerat
1030 2599 1084 2664 pro
1107 2599 1141 2646 se
1163 2579 1378 2646 intolerabilem

258 2685 497 2750 amaritudinem
520 2685 684 2765 sustinere,
716 2686 803 2767 quasi
826 2703 936 2768 parum
960 2689 1052 2766 esset,
1083 2685 1165 2767 quod
1188 2689 1260 2749 ante
1285 2687 1380 2766 pertu-

257 2789 345 2868 lerat,
369 2789 471 2854 adhuc
493 2793 524 2853 et
545 2789 710 2854 Beniamin
733 2789 807 2854 fecit
828 2789 951 2870 auferri,
978 2807 1040 2871 quo
1062 2789 1144 2854 laeto
1167 2791 1273 2870 utique
1294 2805 1379 2850 noue

256 2899 307 2960 rat
322 2915 395 2959 eum
410 2896 616 2978 multiplicem
631 2913 798 2977 passurum
814 2914 883 2960 esse
898 2895 1045 2960 dolorem.
1083 2896 1159 2960 haec
1182 2897 1263 2958 enim
1285 2893 1379 2958 omnia

257 2999 325 3064 sine
348 3001 447 3064 sancti
471 3000 597 3082 spiritus
620 2999 853 3080 dispensatione
876 3000 959 3064 iacta
982 3000 1078 3064 iuuisse
1098 3017 1160 3064 non
1180 3001 1279 3064 eredo.
1310 2997 1379 3060 deus

206 3129 231 3168 rc
258 3103 351 3183 enim,
383 3105 470 3168 cuius
493 3103 607 3168 iudicia
628 3105 811 3186 plerumque
834 3107 908 3168 sunt
930 3104 1059 3184 occulta,
1092 3122 1261 3186 numquam
1283 3107 1378 3166 umen

257 3207 383 3288 iniusta,
414 3209 466 3290 qui
497 3207 587 3272 beato
609 3207 701 3271 Iacob
733 3208 833 3272 noluit
862 3208 997 3273 iudicare
1025 3207 1125 3271 filium
1152 3227 1245 3271 suum
1272 3207 1379 3280 uiuere,

257 3312 309 3375 ille
331 3311 427 3376 etiam
455 3316 599 3376 sanctum
622 3311 735 3394 loseph
764 3311 854 3396 (non)
875 3312 1027 3394 permisit,
1058 3316 1093 3376 ut
1119 3313 1200 3395 patri
1223 3329 1277 3374 sno
1297 3325 1379 3372 suam

256 3416 388 3499 gloriam
405 3415 572 3496 nuntiaret,
593 3416 667 3497 quin
683 3416 779 3480 immo
794 3415 895 3480 adhuc
910 3415 1033 3480 Simeon
1049 3417 1080 3479 iu
1097 3416 1230 3480 uinculis
1246 3412 1378 3488 tenendo,

299 3622 470 3678 3recordare
489 3624 518 3677 D
586 3621 685 3678 inula
703 3623 732 3677 D
801 3623 908 3691 dacos]
932 3625 960 3675 at
977 3623 1041 3677 odd.
1061 3623 1090 3676 D
1160 3622 1260 3690 7quia
1280 3618 1378 3682 addidi,

256 3728 306 3765 om,
321 3711 357 3778 D,
375 3709 438 3777 quia
455 3725 502 3779 pro
521 3725 558 3772 eo,
577 3708 647 3777 quod
666 3708 798 3777 Aegyptio
817 3699 925 3761 dominc
943 3707 1075 3762 seruiebat
1094 3709 1156 3762 cdd.
1177 3711 1249 3778 Aup.
1304 3709 1320 3761 8
1337 3721 1378 3773 pn·

255 3799 324 3850 trem
343 3811 421 3849 suum
439 3797 510 3866 Aup.
583 3799 615 3851 10
634 3797 718 3849 totam
738 3797 836 3848 terram
855 3796 926 3864 Aup.
998 3798 1028 3850 11
1053 3795 1183 3848 uersanti
1200 3797 1280 3865 Aac,
1299 3795 1380 3846 unns·

255 3882 310 3936 deti
328 3884 358 3937 D
411 3885 444 3938 12
462 3881 628 3936 discenderet
646 3883 675 3936 D
730 3884 762 3936 13
779 3881 901 3935 tricentis
919 3882 949 3936 D
1010 3880 1130 3950 milibus]
1150 3897 1203 3934 non
1222 3881 1305 3950 potuit
1322 3878 1380 3931 mit

254 3972 310 4023 tere
332 3969 366 4022 ad
387 3972 491 4038 patrem
513 3969 610 4023 suum?
632 3969 694 4024 add.
713 3970 784 4038 Auo.
857 3970 889 4022 14
911 3967 999 4021 oculto
1022 3969 1052 4022 D
1123 3971 1154 4023 15
1173 3966 1337 4069 mauiia‘stare
1354 3964 1381 4018 D

256 4084 288 4136 16
306 4082 351 4150 qni
370 4081 452 4136 immo
471 4083 500 4138 D
562 4083 593 4136 19
611 4079 678 4134 aliut
696 4081 725 4135 D
787 4082 823 4135 20
840 4078 1046 4134 intollerabilem
1064 4081 1094 4134 D
1156 4081 1336 4136 arelatense
1355 4077 1381 4130 D

254 4185 347 4238 parum
366 4171 447 4239 Auo„
465 4184 577 4237 paruum
596 4167 626 4221 D
685 4169 719 4222 23
737 4165 897 4238 multiplicet
916 4167 944 4222 D
1005 4169 1039 4223 24
1057 4165 1151 4219 buissel
1168 4167 1199 4220 D
1249 4169 1280 4220 25
1296 4163 1380 4216 oculta

253 4273 383 4324 ruperam.
402 4257 432 4310 D
487 4257 520 4310 27
539 4254 619 4306 etiam
638 4257 760 4306 sanctum
778 4253 873 4322 Ioseph
892 4269 944 4306 nou
962 4253 1084 4322 permisit
1101 4255 1181 4322 dap,
1199 4252 1288 4322 pmisit
1303 4251 1380 4302 etiam

255 4365 310 4420 ιοἛι
329 4367 419 4435 ioseph
438 4368 468 4420 D
519 4369 553 4423 28
572 4332 677 4420 ιῖιιιιθοη
696 4367 726 4420 D
