2920 4930
611 413 646 467 II.
667 414 709 466 De
728 413 849 481 spiritu
869 419 981 466 sancto

611 726 754 810 LIBER
781 726 976 810 PRIMUS.

761 943 771 952 '
785 938 810 1002 Ι.

228 1101 345 1142 ommno
369 1101 515 1142 SPIRITUM
543 1099 686 1142 sanorum
718 1101 841 1140 APER‘I'E
864 1101 906 1140 DE
929 1098 1041 1140 carlus
1064 1101 1160 1158 rrum,
1184 1101 1217 1140 ID
1242 1101 1299 1142 EST
1322 1099 1359 1139 DE

576 1187 717 1229 SYRIBOLO
740 1187 1015 1229 INTRLLRGIINDUM.

188 1351 201 1390 s
270 1322 361 1386 Fides
392 1322 544 1388 oatholioa
573 1325 605 1386 in
635 1324 818 1387 uniuersum
851 1323 1003 1386 mundum
1033 1341 1088 1404 per
1110 1323 1304 1406 patriarchas
1326 1341 1359 1386 ao

225 1427 392 1510 prophetas
416 1431 446 1490 et
468 1427 586 1510 gratiae
607 1427 836 1508 dispensatores
858 1427 967 1510 spiritu
987 1431 1095 1490 saneto
1111 1427 1290 1492 insinuante
1306 1427 1360 1490 dif-

227 1531 298 1594 fusa
321 1535 377 1595 est.
415 1531 496 1595 hane
520 1532 689 1614 apostoliea
712 1531 885 1596 sollicitudo
908 1536 1000 1612 atque
1023 1531 1181 1614 perfactio,
1206 1532 1288 1596 siout
1309 1550 1359 1614 per

227 1653 330 1699 saeros
353 1636 482 1719 paginas
506 1636 700 1716 dilatauerat,
723 1637 767 1700 ita
790 1637 822 1699 in
842 1635 974 1718 symboli
991 1635 1127 1700 salutare
1144 1653 1269 1700 oarmen
1286 1637 1361 1703 mira

226 1739 378 1803 breuitate
409 1740 535 1822 collegit
565 1744 595 1803 et
625 1743 786 1822 tamquam
818 1741 973 1823 dispersas
1004 1740 1212 1805 remediorum
1244 1742 1359 1825 speeies

176 1871 199 1908 ιο
226 1843 380 1927 disposuit
408 1844 441 1908 in
471 1862 582 1928 eorpus
614 1863 711 1908 unum
743 1863 779 1909 aa
807 1845 896 1910 uelut
918 1863 954 1908 er
976 1845 1147 1910 innumeris
1172 1845 1360 1911 aromatibus

225 1949 396 2031 pretiosum
427 1949 560 2014 oonteoIt
583 1955 790 2033 unguentum,
822 1949 910 2014 euius
934 1949 1007 2014 odor
1030 1967 1138 2014 omnes
1161 1948 1240 2014 fines
1264 1955 1360 2014 terrae

224 2053 365 2136 potentia
386 2053 570 2137 fraglantiae
595 2054 741 2136 spiritalis
765 2054 917 2137 impleuit,
947 2057 982 2118 ut
1004 2055 1035 2118 in
1059 2054 1125 2136 ipso
1149 2054 1360 2118 uniuersitatis

227 2159 361 2222 adsensu
385 2157 485 2222 uirtus
509 2163 659 2241 appareat
681 2159 833 2222 ueritatis.
1166 2153 1170 2176 ⁸

268 2262 307 2326 m
330 2262 404 2343 quia
426 2265 555 2344 oportet,
578 2266 613 2325 ut
632 2262 807 2326 errantibus
824 2264 911 2344 quasi
927 2263 1065 2346 paruulis
1082 2266 1112 2327 et
1127 2264 1243 2347 ignaris
1264 2263 1363 2347 prima

173 2394 198 2432 1⁵
226 2365 419 2432 Christianae
443 2367 619 2430 traditionis
643 2368 798 2431 elementa
812 2371 1001 2448 repetamus,
1025 2367 1057 2432 in
1072 2367 1129 2432 hao
1145 2366 1280 2450 symboli
1295 2388 1362 2451 per·

224 2471 357 2534 tectione
391 2475 421 2534 et
450 2471 555 2535 unitas
587 2471 745 2535 euidenter
768 2473 904 2555 aperitur
928 2475 959 2536 et
981 2472 1117 2552 trinitas,
1149 2471 1222 2536 dum
1247 2477 1295 2537 ter
1317 2491 1363 2536 re-

224 2576 322 2658 petita
351 2575 503 2639 confessio
534 2577 615 2659 patri
643 2580 674 2639 et
696 2575 759 2639 filio
783 2580 814 2640 et
837 2577 956 2658 spiritui
980 2579 1086 2640 saneto
1110 2593 1208 2640 unum
1232 2577 1363 2641 ereduli-

225 2679 298 2743 tatis
329 2679 431 2743 reddit
460 2679 655 2761 obsequium.
702 2680 734 2744 in
765 2679 879 2762 quibus
906 2679 1010 2744 uerbis
1035 2681 1130 2744 etiam
1152 2684 1361 2746 trecentorum

225 2783 331 2846 deoem
363 2787 395 2846 et
425 2787 493 2847 ooto
524 2802 611 2847 saoer
641 2803 789 2848 numerus
821 2785 1016 2848 sacerdotum
1044 2789 1255 2868 emergentem
1279 2784 1363 2850 Arrii

173 2915 198 2953 so
224 2905 260 2950 ao
276 2887 450 2950 Macedonii
467 2887 628 2951 damnauit
645 2907 779 2952 errorem
797 2888 948 2970 [dioens]:
968 2889 1058 2953 oredo
1075 2889 1106 2952 in
1123 2889 1215 2952 deum
1231 2893 1362 2972 patrem,

224 2991 315 3054 oredo
345 2991 377 3055 In
408 2991 507 3054 filium
539 2992 603 3054 eius
635 2993 762 3056 unioum
794 2993 954 3056 dominum
978 2997 1131 3074 nostrum,
1164 2993 1253 3058 oredo
1279 2998 1308 3058 et
1332 2995 1363 3057 in

224 3095 368 3178 spirttum
401 3101 553 3159 sanetum.
600 3113 672 3160 nam
705 3097 762 3160 etsi
792 3097 851 3160 hoe
881 3117 917 3160 er
951 3115 1079 3162 numero
1109 3115 1279 3180 paueorum
1302 3099 1363 3162 fra-

224 3200 329 3282 gilitas
353 3201 529 3279 destinauit,
553 3201 740 3264 uniuersalis
764 3205 868 3264 tamen
893 3203 1014 3265 numeri
1038 3203 1220 3284 mysterium
1238 3220 1300 3266 nou
1317 3222 1361 3266 re·

224 3305 325 3368 soluit.
373 3309 404 3367 et
427 3304 493 3367 ideo
518 3322 604 3367 sacer
627 3323 777 3368 numerus
801 3306 942 3386 diximus,
974 3307 1046 3388 quia
1076 3307 1205 3370 trecenti
1236 3307 1268 3369 in
1293 3325 1364 3370 aera

171 3407 274 3471 251121
305 3409 523 3490 supputatione
542 3391 666 3472 ¹Graeoa
697 3411 820 3493 signum
853 3409 963 3490 oruois,
996 3410 1103 3474 decem
1135 3413 1165 3474 et
1195 3415 1264 3474 ooto
1290 3429 1364 3474 uero

270 3583 282 3636 1
311 3580 449 3633 INCIPIT
477 3580 524 3634 DII
551 3579 693 3635 SPIRITV
721 3580 854 3636 SANCIO
877 3581 985 3636 LIBER
1012 3581 1146 3636 PRIMVS
1169 3583 1199 3648 V,
1226 3581 1365 3638 INCIPIT

224 3667 331 3720 LIBER
349 3667 484 3722 PRIMVS
507 3669 534 3722 P
602 3670 618 3722 3
637 3669 745 3722 omnino
768 3669 807 3724 V²
829 3671 859 3723 io
878 3671 1060 3738 capitulorum
1079 3671 1177 3730 indica,
1200 3652 1269 3724 o‘its
1291 3671 1319 3724 V
1334 3672 1365 3724 in

224 3761 297 3810 testu
350 3755 703 3823 omniuo-intellegendum
722 3773 773 3810 om.
788 3757 815 3810 P
866 3756 942 3825 5ae]
962 3757 1029 3811 etP
1079 3757 1171 3812 escas
1184 3757 1217 3824 P,
1231 3759 1338 3810 sanctus
1353 3777 1366 3812 e

223 3841 261 3912 in]
286 3857 333 3910 per
356 3842 383 3894 P
452 3841 558 3894 simboli
584 3843 611 3896 P
680 3858 786 3896 carmen
815 3860 865 3898 om.
891 3843 918 3896 P
987 3847 1003 3898 9
1026 3843 1175 3913 tamquam]
1202 3859 1222 3914 p
1249 3843 1313 3898 add.
1338 3845 1366 3898 P

223 3927 340 3982 diuersas
360 3929 387 3982 P
441 3931 472 3982 lt)
490 3945 520 3980 ex
539 3946 589 3982 om.
608 3930 633 3982 V
686 3931 715 3984 11
736 3929 897 3996 praetiosum
917 3929 944 3983 P
1000 3932 1031 3986 12
1050 3929 1206 3998 flagrantiae
1230 3932 1256 3985 V
1310 3931 1365 4000 spi·

222 4013 325 4068 ritualia
357 4015 384 4067 P
457 4015 651 4083 uniuersitatis]
683 4015 805 4068 ueritatis
841 4017 866 4069 V
940 4019 970 4071 13
1001 4033 1107 4070 assensu
1140 4019 1177 4085 P,
1208 4033 1317 4070 ascensu
1351 4037 1364 4072 r

224 4104 255 4156 14
273 4102 414 4170 primaeP
467 4105 498 4155 15
512 4100 658 4155 simboliP
712 4105 743 4157 16
756 4107 782 4154 et
794 4109 857 4157 ante
870 4103 956 4156 unitas
969 4106 1062 4160 om.V
1115 4107 1146 4159 19
1159 4107 1366 4172 emergentesP

221 4191 254 4242 20
274 4187 440 4241 intrahedonii
461 4188 487 4240 P
538 4187 736 4256 ‹trampuauitP
787 4190 1014 4244 errorosodd.P²
1062 4189 1215 4246 dieensom.
1231 4193 1263 4260 V,
1280 4209 1364 4261 quare

221 4277 299 4330 aneis
319 4276 417 4330 inclusi
473 4277 507 4329 22
519 4289 549 4326 ex
567 4274 617 4327 hoo
636 4276 663 4328 P
714 4278 747 4330 23
767 4275 917 4330 misterium
937 4278 963 4330 P
1015 4279 1048 4339 24
1069 4277 1198 4332 soluitV
1249 4278 1319 4346 quod
1339 4280 1367 4332 P

221 4361 249 4414 in
267 4377 312 4413 era
329 4361 413 4426 (mera
432 4363 458 4428 r)
476 4363 573 4417 omisso
592 4361 634 4414 uel
655 4363 695 4418 Pu
747 4365 780 4417 25
799 4379 877 4430 greca
897 4365 923 4418 P
