2920 4928
555 397 652 452 Liber
670 397 684 450 1
704 401 726 454 1.
1189 400 1209 462 9

90 573 273 638 iuuenum
307 573 483 639 laborant
512 574 575 656 qui
606 573 811 638 aedificant
842 576 946 640 eam?
992 574 1073 657 quod
1104 575 1210 656 utique

90 678 201 742 elationi
227 679 294 744 sine
321 679 423 762 gratia
450 677 597 760 perticere
624 677 810 762 denegatur,
842 678 1010 742 humilitati
1037 697 1111 742 nero
1139 697 1211 742 cunr

89 783 176 864 gratia
196 783 313 865 inplere
336 782 524 847 conceditur.

123 887 317 970 Prosequitur
347 887 448 952 adhuc
477 887 625 970 Pelagius
655 886 758 950 Adam
793 886 958 951 mortalem
988 887 1118 968 lactum,
1146 887 1209 969 qui,

88 991 145 1054 siue
165 995 325 1074 peccasset
347 992 413 1056 siue
441 1009 504 1056 non
531 995 701 1075 peccasset,
730 995 813 1056 esset
836 991 1014 1056 moriturus.
1061 992 1115 1056 sed
1138 1010 1210 1056 cunr
1249 1008 1262 1047 ⁵

88 1095 159 1159 dicat
179 1097 351 1180 apostolus:
375 1100 588 1179 propterea,
611 1097 721 1178 inquit,
749 1096 847 1160 sicut
873 1115 937 1178 per
964 1115 1075 1160 unum
1098 1097 1211 1161 horni-

88 1217 157 1264 nem
186 1201 220 1264 in
247 1200 346 1266 hnnc
373 1202 547 1265 mundum
573 1204 769 1284 peccatum
796 1201 956 1264 intrauit
984 1204 1019 1264 et
1045 1220 1109 1284 per
1131 1220 1212 1284 pec-

88 1308 195 1369 catum
217 1324 329 1384 mors,
352 1306 520 1388 intellegis,
549 1306 630 1387 quia,
662 1305 688 1368 si
712 1309 875 1388 peccatum
897 1323 958 1369 non
981 1306 1212 1388 praecessisset,

87 1423 160 1472 mors
175 1412 278 1473 secuta
294 1427 355 1473 non
373 1412 456 1473 esset
476 1413 507 1473 et
522 1408 860 1474 donatainmortalitas
884 1409 1092 1490 perdurasset,
1116 1428 1211 1492 quarn

87 1511 181 1594 ntique
207 1513 410 1577 manifestum
438 1517 486 1578 est
513 1513 571 1578 snb
598 1513 757 1596 proposita
783 1513 852 1596 lege
875 1514 1057 1596 praestitam
1085 1517 1210 1578 etcum
1238 1530 1263 1568 1⁰

87 1616 245 1682 conditione
273 1617 440 1698 conlatam,
468 1621 513 1698 nt,
537 1618 564 1682 si
588 1635 649 1682 non
672 1617 853 1682 recessisset
876 1616 1027 1700 superbus
1056 1617 1094 1682 ab
1119 1618 1211 1683 oboe-

87 1719 197 1800 dientia,
219 1725 418 1804 permaneret
440 1725 585 1786 aeternus
609 1722 642 1786 in
664 1721 772 1804 glorie.
818 1739 892 1786 narn
915 1739 987 1784 oum
1009 1721 1210 1786 interdictum

87 1824 206 1888 caeleste
228 1826 383 1890 sanxisset
411 1825 532 1890 dicens:
563 1827 598 1889 in
627 1843 857 1908 quacumque
885 1825 941 1888 die
969 1826 1209 1890 comederitis

87 1927 120 1990 de
140 1929 237 2012 ligno
266 1930 447 1994 scientiae
470 1929 557 1994 boni
585 1933 620 1993 et
643 1930 746 2008 mali,
774 1931 890 1994 morte
914 1929 1139 2010 moriemini,
1163 1930 1210 1993 in·

86 2031 152 2096 liciti
165 2037 274 2116 gustus
295 2033 477 2097 malesuada
498 2035 711 2116 praesumptio
731 2034 815 2098 facta
838 2037 885 2097 est
900 2052 936 2096 en
952 2032 1104 2098 accidenti
1127 2052 1210 2098 mor·
1238 2051 1262 2090 1⁵

15 2133 16 2214 ἶ
86 2135 120 2198 tis
140 2139 265 2202 occasio.
298 2141 430 2218 morte,
453 2138 563 2220 inquit,
586 2138 766 2202 morieris.
802 2139 827 2200 si
852 2137 929 2201 nihil
951 2138 1113 2221 largientis
1137 2156 1210 2202 oon-

15 2227 16 2306 Ῐ
86 2240 146 2304 tulit
166 2243 275 2325 gratia,
304 2242 377 2324 quid
401 2243 553 2324 estquod
581 2241 712 2306 abstulit
735 2241 914 2305 damnantis
937 2241 1079 2305 oflensa?
1125 2259 1209 2306 mors

86 2343 187 2426 itaque,
209 2347 241 2410 id
264 2350 313 2410 est
334 2346 534 2430 peregrinum
557 2350 589 2410 et
611 2346 823 2410 aduenticium
846 2345 965 2409 malum
988 2364 1049 2410 non
1073 2349 1121 2410 est
1136 2347 1209 2411 ordo

87 2453 211 2530 naturae,
239 2451 293 2514 sed
321 2467 422 2534 poena
449 2450 632 2515 sententiae.
679 2451 867 2532 quoniam,
895 2450 1011 2531 inquit,
1040 2449 1209 2514 dominus

87 2557 225 2618 nortem
249 2573 319 2619 non
342 2555 443 2618 fecit.
480 2555 700 2619 aeternitatem
717 2554 867 2618 creditam
883 2553 980 2618 luisse
996 2554 1115 2618 homini
1129 2555 1209 2619 liuor
1236 2575 1262 2613 so

15 2717 16 2746 ;
86 2653 141 2736 ipse
163 2662 293 2723 testatur
315 2659 432 2722 inimici
456 2663 496 2738 et,
520 2660 592 2741 quia
611 2659 641 2722 ei
656 2659 914 2723 inmortalitatem
930 2657 1066 2722 deiectus
1087 2658 1208 2740 inuidit,

15 2767 16 2840 ζ
87 2757 144 2824 ideo
172 2780 298 2826 causam
330 2761 439 2827 rnortis
473 2763 606 2846 ingessit
636 2762 782 2827 dicendo:
817 2763 854 2826 in
888 2781 1117 2845 quacumque
1151 2763 1208 2826 die

15 2845 16 2940 ff
86 2865 309 2930 comederitis
337 2867 379 2931 de
410 2867 512 2950 ligno
540 2867 621 2947 hoc,
652 2867 868 2950 aperientur
897 2867 996 2930 oculi
1027 2867 1144 2930 uestri
1174 2871 1209 2931 et

15 3019 16 3028 ,
86 2967 177 3032 eritis
200 2969 300 3034 sient
322 2970 382 3034 dii.
428 2971 453 3034 si
470 2970 527 3034 hoc
543 2974 668 3034 tanturn
684 2971 822 3034 dixisset:
847 2988 919 3034 cum
935 2969 1208 3052 manduceueritis,

15 3135 16 3144 ,
86 3071 247 3138 satietatem
270 3075 309 3138 de
333 3073 395 3138 cibi
418 3075 573 3139 suauitate
595 3075 733 3158 capietiS,
757 3093 855 3156 usque
879 3073 918 3138 ad
941 3075 1208 3156 concupiscentiae
1235 3095 1260 3136 ss

15 3165 16 3244 ᾗ
86 3177 203 3241 carnalis
229 3178 420 3243 inlecebram
447 3180 652 3262 transgressio
679 3179 881 3262 peruenisset.
925 3197 996 3243 curn
1026 3197 1100 3242 uero
1128 3179 1208 3244 hano

86 3283 342 3358 praeuaricationis
365 3283 559 3366 proposuerit
581 3281 677 3346 finem
708 3283 850 3348 dicendo:
882 3283 989 3347 eritis
1022 3283 1119 3348 sicut
1142 3285 1207 3364 dii,

86 3382 231 3450 edacitatis
244 3387 337 3470 culpa
348 3405 446 3468 usque
462 3388 499 3451 ad
517 3387 687 3452 diuinitatis
705 3387 858 3452 ambitum
875 3391 907 3452 et
922 3407 1020 3470 nsque
1036 3387 1075 3452 ad
1090 3388 1207 3454 crimen

85 3487 242 3554 maiestatis
266 3491 408 3554 accessit.
442 3491 516 3556 iacti
540 3494 614 3555 sunt
637 3509 710 3574 ergo
733 3491 815 3555 sicut
837 3491 879 3555 dii
896 3491 975 3556 dono
998 3493 1116 3576 gratiae
1138 3511 1208 3556 cae-

85 3587 158 3654 lestis
173 3595 254 3658 eruti
278 3597 309 3658 et
324 3595 362 3658 de
377 3593 487 3658 beatae
508 3595 652 3660 stationis
668 3595 802 3659 culmine
821 3595 1003 3678 proturbati,
1027 3614 1063 3660 ac
1084 3597 1127 3660 sic
1143 3597 1207 3660 cal·
1234 3617 1260 3657 eo

15 3749 16 3798 p
85 3689 152 3760 lidus
173 3717 300 3784 serpens
322 3717 377 3782 pro
401 3699 563 3782 superbiae
587 3699 669 3764 malo
693 3700 809 3764 eiectus
826 3719 842 3764 e
858 3701 943 3764 caelo
967 3701 1127 3765 machinas
1148 3700 1207 3766 sibi

173 3897 1206 3970 fflmffldfflffltwfflwlffimfflffia

15 4087 16 4130 1
123 4076 370 4136 llaboranerunto
416 4079 550 4136 adicito
601 4081 694 4149 inquid
713 4083 741 4136 P
786 4083 992 4152 8praecesisset
1010 4085 1037 4138 P
1084 4087 1114 4139 11
1134 4083 1208 4138 adP

88 4159 111 4212 ll
127 4162 239 4222 melitio
285 4171 316 4224 15
335 4167 403 4222 mala
422 4184 533 4224 suasae
577 4168 755 4224 adcedentiP
799 4173 831 4226 16
849 4170 983 4239 inquidP
1027 4173 1057 4226 17
1077 4169 1205 4224 damnan-

86 4248 164 4301 lttP¹
211 4257 241 4309 m
259 4271 328 4324 pena
346 4255 373 4308 P
418 4253 511 4324 inquid
530 4255 557 4308 P
611 4257 645 4310 20
663 4255 772 4310 liborP
823 4259 857 4314 28
879 4257 1034 4312 aadacitatis
1056 4257 1083 4312 P
1140 4257 1205 4312 aml-

86 4327 201 4392 bitumP
251 4341 286 4396 29
304 4339 418 4396 adcessit
441 4343 468 4396 P
519 4343 550 4398 31
571 4357 601 4396 aa
619 4341 690 4396 caelo
709 4343 737 4398 P
