2920 4928
527 422 770 492 Prolegomsna.
1140 417 1219 477 XVII

98 596 158 660 dicit
177 601 208 662 et
230 598 408 681 complures
431 599 515 663 locos
539 617 574 662 ex
595 598 681 663 libris
702 599 740 663 de
755 599 857 682 gratia
880 599 991 662 allatos
1015 616 1086 661 curn
1111 617 1134 662 s.
1153 597 1219 667 Aa·

95 703 196 784 gustini
222 703 260 767 de
284 703 393 766 eadem
415 722 448 767 re
472 703 636 768 sententiis
664 703 822 786 componit
850 695 902 786 (ol.
925 703 1029 767 studia
1052 705 1158 767 nostra
1180 703 1217 766 de

95 805 187 870 lancti
209 806 335 889 scriptis
358 827 387 890 p.
408 805 447 870 13
463 807 556 891 squ).

129 909 209 975 Idem
236 911 427 991 Maxentius,
454 910 567 975 Petrus
596 912 743 976 diaconus
771 911 886 994 aliique
915 911 1058 976 monachi
1084 909 1219 994 Scythici

94 1013 291 1096 Eutychianos
314 1015 436 1080 haeresi
459 1015 574 1080 addicti
596 1034 727 1098 eamque
748 1017 786 1080 ob
807 1035 875 1082 rem
891 1017 1023 1082 Romam
1044 1016 1140 1096 citati,
1165 1015 1219 1079 sed

95 1119 161 1182 mals
181 1120 299 1202 recepti
325 1119 465 1184 libellum
497 1119 534 1184 dc
562 1121 776 1184 incarnatione
800 1125 831 1185 et
852 1121 954 1205 gratia
981 1120 1098 1184 domini
1121 1119 1219 1184 nostri

94 1220 153 1286 lesu
174 1221 291 1288 Christi
320 1224 474 1288 miserunt
501 1224 540 1288 ad
568 1225 727 1308 episcopos
750 1223 916 1290 Africanos
944 1225 976 1288 in
1000 1223 1142 1316 Sardinia
1169 1243 1219 1288 ex-

93 1326 217 1392 sulantes
233 1327 267 1391 in
283 1328 392 1411 primis
409 1328 609 1412 Fulgentium
625 1329 719 1411 inque
740 1347 775 1393 eo
792 1329 944 1394 Faustum
967 1329 1106 1414 grauiter
1129 1346 1219 1393 aecu-

93 1435 227 1496 sauerunt
242 1430 376 1516 (Migne,
393 1431 477 1497 Patr.
495 1433 548 1497 lat.
566 1433 654 1497 LXII
671 1431 736 1516 92),
755 1433 867 1516 quibus
885 1452 1076 1516 quemquam
1091 1451 1219 1516 respon-

93 1533 190 1600 derunt
212 1535 397 1620 Fulgentius
421 1537 578 1618 cetcrIque
603 1537 749 1620 episcopi,
774 1541 880 1602 tamen
897 1529 1218 1602 Fausti'mentionem

93 1656 144 1702 uon
162 1640 288 1705 iaciunt.
328 1641 383 1705 sed
403 1641 588 1726 Fulgentius
609 1645 718 1725 postea
738 1641 888 1706 aduersus
909 1643 985 1706 duos
1000 1641 1096 1706 libros
1112 1641 1219 1706 Fausti

93 1749 199 1826 septem
222 1743 320 1809 libros
341 1745 438 1810 edidit
454 1744 506 1828 (cf.
523 1746 589 1810 uita
612 1765 636 1808 s.
652 1746 811 1829 Fulgentii
827 1747 910 1810 edita
926 1765 944 1810 a
959 1746 1170 1810 Bollandianis
1186 1745 1217 1809 in

93 1849 158 1910 aslis
179 1853 359 1914 sanctorum
381 1850 480 1914 Iani
503 1848 545 1912 43
570 1854 601 1914 et
623 1851 705 1932 apud
728 1851 846 1934 Migne,
870 1851 953 1914 Patr.
971 1851 1025 1914 lat.
1042 1849 1127 1914 LXV
1146 1847 1218 1930 145,

94 1951 221 2034 epistula,
250 1972 346 2036 quam
369 1955 505 2038 episcopi
527 1954 667 2018 Africani
690 1955 722 2018 in
746 1953 886 2020 Sardinia
906 1955 1027 2020 exsules
1049 1955 1160 2018 loanni
1187 1959 1219 2018 et

95 2053 211 2122 Uenerio
232 2059 363 2140 aliisque
382 2059 609 2142 inscripserunt
630 2059 763 2141 [Migna
779 2059 864 2122 Patr.
880 2060 934 2123 lat.
952 2059 1036 2122 LXV
1050 2056 1142 2140 442],
1159 2057 1218 2122 Fa-

94 2161 198 2226 oundus
221 2161 457 2227 Hermianensis
481 2163 645 2246 episcopus
671 2163 804 2247 [Migne
820 2164 904 2228 Patr.
922 2164 976 2228 lat.
993 2162 1111 2227 LXVII
1128 2160 1217 2244 855],

94 2261 187 2330 lsidor.
204 2267 241 2330 de
264 2268 323 2331 uir.
340 2267 383 2332 ill.
401 2287 427 2331 c.
444 2265 511 2350 27),
535 2267 588 2349 qui
611 2286 694 2331 nunc
717 2267 869 2350 deperditi
893 2271 976 2332 sunt.

128 2369 190 2433 Ado
206 2371 394 2436 Uiennensis
410 2373 442 2436 in
458 2371 602 2436 chronico
624 2372 662 2435 ad
686 2391 804 2436 annum
827 2370 891 2434 ton
915 2371 1047 2456 (Migne,
1063 2371 1145 2435 Patr.
1162 2371 1216 2438 lat.

93 2469 212 2538 CXXIII
231 2473 307 2559 lot)
330 2475 407 2540 hacc
427 2475 535 2540 habet:
560 2485 674 2538 contra
691 2474 852 2538 Faustam
874 2473 989 2538 scribit
1014 2473 1217 2537 lucidissima

85 2573 145 2654 fido
165 2575 365 2642 beatissimas
381 2577 504 2642 Auitus
523 2577 710 2643 Viennensis
734 2578 904 2664 episcopas
927 2578 997 2642 cias
1019 2577 1217 2664 redaryuars

92 2701 229 2762 errorem,
252 2683 407 2748 similiter
430 2694 459 2747 et
481 2683 617 2748 Ioannes
640 2685 699 2747 air
722 2683 874 2748 eracbtra
890 2681 1107 2748 Antiochenses
1126 2705 1218 2768 pros·

92 2780 180 2868 byler.
216 2789 349 2854 loannes
369 2789 586 2854 Antiochenus
608 2790 772 2873 presbyter
788 2789 964 2854 Maxentius
988 2792 1046 2869 est,
1070 2789 1157 2853 euius
1181 2789 1217 2852 li·
1280 2793 1281 2796 ’

92 2887 198 2956 bellum
219 2893 288 2959 Ado
312 2895 379 2977 ipss
406 2895 551 2978 inspexit,
578 2913 650 2960 cum
678 2895 775 2959 uerba
803 2894 885 2976 apud
908 2893 1052 2958 Adonem
1079 2893 1218 2976 proxime

91 2997 309 3063 antecedentia:
342 2997 391 3061 ita
421 2998 504 3062 enim
535 2997 674 3063 biberant
704 2995 885 3062 arbitrium
917 3007 981 3061 taos
1011 2995 1217 3084 Aapastirsats

90 3119 178 3178 paam
203 3103 299 3166 ceteri
325 3101 478 3167 catholici
501 3103 537 3166 ia
560 3103 693 3167 ecclesia
718 3103 771 3167 dei
794 3103 914 3183 doceat,
943 3112 981 3165 at
1005 3101 1217 3180 illuminatio,

91 3201 191 3268 uirtus
211 3217 239 3270 et
257 3205 351 3270 salas
371 3205 428 3270 titi
451 3231 472 3270 a
492 3205 621 3272 Christo
641 3217 670 3272 et
686 3229 749 3294 per
768 3205 934 3272 Cbristara
953 3217 982 3270 ct
997 3229 1068 3270 cana
1089 3205 1218 3272 Cbristo

89 3305 135 3369 sit.
153 3308 292 3374 Faustus
304 3332 383 3374 atero
396 3311 455 3376 ists
468 3312 517 3375 ita
530 3311 669 3376 liberam
678 3309 904 3376 Christianam
915 3311 1095 3374 arbitrium
1108 3311 1219 3375 docere

90 3423 226 3492 mactae,
241 3425 279 3479 at
294 3414 497 3480 illumiaatio
513 3416 594 3495 eius,
610 3417 723 3480 airtas
740 3426 768 3479 et
783 3414 876 3480 satos
891 3437 955 3478 asora
971 3437 992 3478 a
1008 3413 1147 3494 Christo,
1162 3414 1219 3479 sed

91 3525 203 3582 actara
221 3521 265 3584 sit
286 3540 322 3586 ex
338 3521 490 3586 Maxentii
510 3521 616 3587 libello
636 3523 820 3605 deprompta
840 3521 904 3586 sint
925 3520 977 3604 (cl.
993 3520 1111 3605 Migne,
1132 3521 1217 3586 Patr.

89 3639 192 3702 graeca
206 3625 367 3691 LXXXVI
393 3625 421 3707 1,
443 3645 473 3709 p.
494 3625 578 3710 107).
618 3627 686 3690 sine
709 3625 802 3690 dubio
824 3645 880 3710 per
903 3625 1044 3690 fraudem
1068 3627 1217 3690 Ioannem

88 3723 273 3796 Maxentium
296 3735 460 3816 suspectae
483 3733 676 3796 auctor-itatis
701 3731 889 3796 monachum
912 3731 986 3796 fecit
1000 3731 1069 3796 Ado
1089 3729 1218 3816 presby-

89 3836 184 3898 terum
195 3835 435 3902 Antiochenam.
451 3855 509 3900 nec
521 3835 717 3900 ueroAuItus
726 3835 914 3900 Uiennensis
928 3836 1090 3920 episcopus
1103 3835 1218 3900 Fausto

89 3933 145 4000 lere
168 3945 445 4024 contemporaneus
470 3945 578 4005 contra
602 3940 710 4005 Fausti
733 3940 828 4004 libros
851 3941 889 4004 de
911 3943 1012 4024 gratia
1035 3940 1218 4024 disputarit,

89 4037 141 4102 olai
158 4045 237 4124 quod
252 4045 283 4110 in
299 4045 435 4129 epistula
446 4045 485 4110 ad
498 4043 729 4110 Gundobadum
741 4063 848 4129 regern
862 4042 904 4128 (p.
919 4043 960 4108 29
973 4045 1097 4129 Peiper)
1110 4043 1217 4108 Fausti

86 4143 246 4222 epistulam
269 4150 305 4214 ad
329 4150 497 4214 Paulinum
520 4151 645 4230 refutat,
668 4168 730 4232 qna
752 4149 790 4214 de
813 4169 846 4213 re
869 4167 941 4214 mox
963 4149 1108 4214 dicemus.

124 4247 301 4318 Caesarium
324 4255 543 4320 Arelatensem
568 4253 745 4338 (episcopus
769 4251 956 4337 502-542)
981 4258 1085 4319 numm
1109 4256 1218 4318 eontra

85 4347 232 4420 Faustum
259 4377 358 4442 nsque
387 4360 547 4442 scripsisse
575 4378 674 4441 neque
703 4359 879 4440 disputasse
902 4359 963 4424 nisi
986 4358 1066 4440 quod
1089 4358 1121 4422 in
1144 4376 1217 4422 con-

132 4463 186 4508 ΠΙ.
201 4467 271 4512 quat.
1044 4463 1060 4512 b
