2920 4928
539 439 635 494 Liber
653 440 666 495 1
686 445 708 498 1.
1172 447 1189 508 7

78 608 189 692 quisque
216 615 384 696 eognoscat
415 613 515 678 111111
542 614 627 678 aliud
654 633 722 680 esse
750 616 878 682 salutari
904 618 1023 701 gratiae
1055 618 1192 683 officium

78 713 173 779 laboris
196 716 374 801 adiungere,
397 717 480 782 aliud
503 737 576 784 uero
600 719 718 784 nudum
741 719 857 803 absque
880 723 1049 804 patrocinio
1072 724 1192 806 gratiae

78 819 195 884 laborem
218 820 396 886 temeritate
419 841 483 886 una
505 823 604 888 sordis
627 842 774 888 asserere.

111 923 162 988 Hie
184 943 256 1008 ergo
280 925 356 988 dum
378 926 472 990 altius
495 927 666 992 humanam
689 929 892 1012 fragilitatem
919 929 1072 995 inmemor
1094 931 1192 995 diuini

78 1027 178 1092 timoris
201 1029 332 1110 extollit,
359 1029 464 1094 iudicii
487 1031 535 1095 sui
558 1032 691 1114 perdidit
714 1033 879 1098 sanitatem
901 1031 960 1119 <11>
981 1035 1025 1098 ite
1048 1055 1084 1098 en
1106 1039 1193 1119 parte
1233 1053 1246 1092 1

78 1131 127 1194 alia
145 1133 263 1213 oeoidit,
287 1133 362 1196 dum
385 1132 504 1199 arbitrii
530 1135 709 1200 libertatem
731 1137 885 1220 integram
908 1138 1067 1221 praedicat
1094 1143 1125 1204 et
1148 1139 1195 1203 in·

77 1234 186 1316 laesam,
213 1237 295 1302 siout
318 1237 373 1318 illi,
397 1239 450 1320 qui
473 1257 542 1303 eam
566 1259 602 1303 ex
624 1243 690 1304 toto
712 1245 856 1305 asserunt
878 1241 976 1306 fnisse
999 1246 1192 1307 euaouatam.

77 1337 124 1402 hoe
147 1341 247 1423 itaque
270 1341 338 1406 loeo
365 1343 483 1425 gemini
505 1343 586 1408 inter
613 1363 646 1408 se
670 1345 885 1410 oonluotantur
908 1363 1036 1426 errores,
1064 1365 1195 1429 quorum

76 1462 142 1508 unus
157 1446 254 1510 solam
270 1447 413 1530 gratiam,
438 1447 516 1512 alter·
539 1449 640 1513 solum
663 1448 802 1540 laborem
825 1449 933 1515 relicto
957 1450 1082 1514 tramite
1103 1455 1196 1533 atque

76 1566 206 1614 mensura
228 1549 368 1614 ueritatis
391 1551 537 1616 insinuat.
574 1556 729 1617 sectarum
753 1572 865 1637 genere
889 1553 1038 1636 dispares,
1067 1555 1120 1618 sed
1148 1555 1196 1619 in·
1224 1573 1248 1612 ιο

76 1651 175 1731 pietate
202 1653 381 1719 consimiles
417 1655 539 1720 diuerso
566 1657 692 1738 quidem
720 1657 838 1737 studio,
869 1657 922 1722 sed
958 1659 1068 1741 spiritu
1104 1659 1195 1723 unius

76 1759 211 1840 serpentis
234 1756 405 1823 insibilant.
445 1777 578 1841 qnorum
601 1779 692 1841 unus,
721 1761 752 1824 id
776 1765 825 1825 est
847 1761 942 1826 solius
965 1762 1084 1845 gratiae
1107 1781 1197 1846 prae-

75 1859 176 1926 dioator
197 1862 439 1944 primoquidem
463 1864 564 1929 fronte
580 1883 738 1929 uenenum
754 1883 847 1929 suum
870 1866 928 1930 sub
945 1866 1049 1950 speeie
1071 1867 1195 1949 pietatis

75 1967 204 2047 11111111,
227 1967 316 2047 alter,
339 1967 370 2031 id
387 1972 436 2033 est
457 1969 571 2034 laboris
588 1973 724 2034 assertor
745 1970 887 2053 protinus
911 1973 1070 2035 extantem
1094 1973 1197 2036 tumo-

75 2089 129 2134 rem
158 2074 287 2158 inproba
317 2071 448 2138 elatione
479 2074 669 2138 manifestat.
715 2074 792 2138 haee
825 2075 975 2158 professio
1008 2075 1195 2140 insinuando
1223 2093 1247 2132 1⁵

74 2176 162 2241 solum
183 2179 323 2244 laborem
345 2179 414 2262 ipso
437 2177 484 2241 sui
506 2178 598 2243 titulo
622 2178 815 2259 detestanda,
843 2179 898 2243 illo
919 2179 1020 2263 magis
1044 2178 1101 2243 sub
1124 2177 1197 2244 reli-

74 2279 148 2359 gioso
169 2284 269 2348 eolore
293 2283 462 2347 metuenda
485 2287 542 2346 est.
580 2283 657 2347 haee
680 2282 876 2367 saerilegium
900 2301 992 2348 suum
1014 2283 1090 2366 ipsis
1114 2283 1196 2347 auri-

73 2381 122 2448 tus
147 2388 261 2468 prodit,
289 2387 343 2451 illa
370 2387 456 2450 11111
483 2405 576 2451 suum
603 2387 675 2452 imis
703 2386 875 2451 uisceribus
902 2405 1001 2470 paene
1028 2389 1196 2470 antequam

74 2491 210 2556 sentiatur
239 2491 387 2556 infundit.
434 2491 510 2556 duos
537 2495 706 2576 angustum
733 2490 875 2556 obsidere
906 2492 1021 2556 fretum
1051 2491 1194 2574 scopulos

73 2597 162 2674 putes,
184 2615 314 2678 quorum
330 2615 412 2660 uuus
429 2595 672 2679 subdeprimitur
687 2596 719 2660 in
735 2595 934 2679 profundum,
958 2596 1037 2660 alter
1057 2595 1196 2660 minetur
1223 2612 1249 2652 2⁰

74 2695 99 2758 in
123 2700 249 2763 eaelum.
296 2718 376 2764 unus
405 2700 536 2764 infestus
567 2698 789 2784 nauigantibus
818 2699 968 2779 cernitur,
999 2699 1077 2763 alter
1105 2717 1197 2764 oaeea

73 2803 222 2887 naufragia
244 2803 422 2886 inprouisus
446 2807 599 2886 operatur.
635 2803 687 2867 ille
710 2803 844 2887 gratiam
866 2803 1014 2884 loquitur,
1037 2803 1196 2867 111111111-

73 2921 138 2968 rem.
168 2912 335 2989 utrumque
351 2907 474 2990 eloquia
495 2908 601 2972 diuina
619 2907 814 2972 confirmant.
845 2908 872 2972 si
887 2907 1072 2972 dissidentes
1095 2926 1196 2972 remo-

72 3025 136 3072 ueas
158 3015 188 3075 et
209 3011 293 3076 diota
315 3011 501 3095 coniungas,
529 3011 622 3093 plena
644 3009 717 3074 fidei
740 3011 900 3076 sinceritas
924 3010 1095 3094 apparebit.
1142 3011 1196 3074 sed

72 3112 135 3190 quia
161 3116 248 3180 uolut
277 3115 435 3179 temerarii
462 3115 596 3199 remiges
624 3116 691 3179 sine
718 3115 868 3198 magistro
898 3115 1089 3198 inexplorato
1117 3117 1196 3179 mari
1222 3131 1247 3171 11

73 3217 133 3280 1111
158 3219 345 3284 conmittuut
371 3237 408 3284 ao
435 3223 608 3303 temperare
630 3219 843 3284 moderamina
866 3219 1010 3283 nesoiunt
1032 3221 1064 3282 et
1082 3218 1196 3303 guber-

73 3323 172 3387 nacula
193 3327 327 3388 tractare
349 3343 412 3389 non
435 3329 559 3404 norunt,
583 3324 634 3388 hio
650 3327 810 3406 tamquam
834 3323 865 3387 in
882 3321 1003 3406 Scyllae
1026 3324 1107 3388 male
1123 3323 1196 3388 der-

72 3427 145 3489 trum
161 3429 257 3493 fertur
271 3428 433 3512 petiolum,
454 3429 507 3493 ille
523 3429 556 3492 in
571 3429 697 3493 laeuum
713 3427 885 3511 Charybdis
900 3427 1000 3491 tendit
1016 3427 1195 3510 abruptum.

72 3531 191 3613 etquid
217 3551 270 3597 eos
298 3532 379 3596 inter
409 3533 486 3598 haeo
512 3533 614 3596 iacere
642 3535 797 3616 oporteat,
828 3531 853 3595 si
879 3530 1039 3614 requiras:
1071 3531 1195 3614 prouiso

110 3747 263 3817 lquisquae
282 3747 310 3802 P
359 3746 481 3803 deordis
500 3765 583 3803 em.o
635 3745 814 3815 tetuddidi,
831 3763 881 3802 om.
896 3747 923 3800 P
974 3747 1148 3800 'iuaeuatam
1162 3747 1195 3815 P,

71 3857 112 3910 aed
131 3862 261 3932 cffipnpg.
280 3864 484 3930 11111121.
503 3865 578 3930 19,4
648 3863 664 3916 9
687 3857 770 3914 solam
789 3861 830 3914 P¹
895 3857 997 3927 adquae
1015 3859 1043 3913 P
1105 3861 1137 3914 lo
1156 3875 1195 3912 re-

72 3940 157 4010 ligiosa
184 3948 211 4002 P
285 3950 316 4003 17
346 3947 423 4018 ipsis]
453 3947 508 4002 suis
537 3948 601 4002 add.
627 3965 643 4002 o
714 3950 746 4002 19
776 3945 901 4000 obsedere
931 3947 958 4000 P
1024 3944 1143 4015 scopolos
1170 3947 1198 4000 P

72 4031 100 4082 ‘20
116 4032 225 4100 predum
244 4035 284 4089 P¹
349 4037 383 4090 23
407 4037 565 4103 utrumquae
588 4035 615 4089 Β
680 4033 842 4088 dissedentes
862 4034 889 4086 P
951 4035 984 4088 25
1007 4031 1136 4086 timererii
1154 4033 1195 4086 P¹

72 4116 101 4170 a·
120 4121 236 4189 tempora
258 4137 285 4174 re
310 4121 337 4176 P
398 4123 481 4176 uerba
507 4124 534 4174 et
556 4119 736 4190 gubernacula
759 4123 873 4174 tractare
897 4135 950 4173 non
973 4121 1072 4172 norunt
1093 4120 1194 4188 glossu-

73 4207 118 4258 1111
145 4209 327 4264 amoenata
357 4223 387 4261 ao
420 4213 567 4278 temperare
600 4207 780 4262 moderamina
816 4206 939 4261 nesciunt
973 4205 1122 4274 explicanti
1151 4205 1195 4260 de·

73 4287 121 4346 boe
141 4293 266 4350 1111111111
335 4295 934 4367 271111111Ρ,111111111111.11111111,
1005 4288 1198 4354 2811111111>

74 4375 241 4438 charibdisP
