2920 4928
260 413 352 468 XVIII
610 402 612 406 ¹
705 413 947 482 Prolsgomena.

260 591 330 654 cilio
352 589 546 654 Arsusicano
568 588 840 653 associamus
863 590 1059 671 praesidente
1082 590 1222 654 doctrina
1243 591 1393 655 catholica

259 695 298 758 de
317 687 419 777 'gratia
438 697 470 758 ct
488 693 585 758 libero
605 693 731 758 arbitrio
751 691 881 758 definita
900 697 949 758 est
969 693 1021 776 (of.
1039 693 1167 777 Stilting
1188 695 1209 758 l.
1226 695 1246 758 l.
1260 715 1290 777 p.
1307 694 1390 776 611),

259 797 434 862 Kruschius
457 799 477 862 l.
494 798 514 862 l.
535 817 565 880 p.
583 797 704 862 LVIIII
731 799 832 862 euicit.
871 798 949 862 adde
979 798 1062 880 quod
1090 796 1253 862 Caesarius
1283 817 1311 862 a.
1331 797 1393 862 534

259 903 279 966 i.
297 922 323 967 e.
340 903 477 985 quiuque
500 904 589 966 annIs
612 905 684 985 post
706 904 873 967 concilium
888 902 1119 966 Arcusicanum
1142 903 1174 966 in
1198 906 1333 966 tractatu
1357 903 1390 966 ad

259 1007 418 1090 episcopos
436 1005 554 1072 Galliae
574 1007 608 1070 in
627 1024 721 1071 causa
737 1005 961 1072 contumeliosi
977 1007 1114 1090 episcopi
1129 1007 1270 1071 Reiensis
1288 1007 1391 1071 Fausti

259 1112 447 1176 successoris
468 1112 539 1175 dato
556 1111 666 1175 Fausti
682 1113 869 1176 auctoritate
885 1130 961 1176 usus
977 1115 1026 1175 est
1041 1111 1081 1175 ad
1096 1130 1174 1192 rem,
1191 1111 1228 1174 de
1244 1129 1306 1192 qus
1321 1113 1391 1194 agit,

258 1215 451 1297 probandam
474 1213 527 1297 (cf.
543 1215 626 1279 infra
647 1235 676 1297 p.
694 1213 781 1300 220),
804 1216 836 1279 id
859 1215 941 1298 quod
964 1215 1149 1280 documento
1172 1218 1221 1279 est
1242 1215 1391 1280 Faustum

259 1338 359 1401 neque
382 1319 669 1404 semipelagianum
698 1319 796 1384 fuisse
827 1339 927 1401 neque
957 1337 976 1383 a
1006 1318 1161 1400 Caesario,
1192 1319 1391 1384 acerbissimo

258 1424 349 1488 huius
368 1425 531 1488 haerescos
547 1424 736 1504 aduersario,
760 1424 930 1506 ceterisque
946 1422 1066 1488 Galliae
1087 1424 1237 1507 episcopis
1253 1423 1392 1488 habitum

258 1548 336 1592 esse.
382 1547 460 1610 quae
487 1546 561 1592 uero
589 1529 762 1593 doctrinam
785 1527 1069 1612 Semipeisgisnam
1097 1528 1128 1591 in
1157 1528 1222 1591 eius
1250 1529 1393 1610 operibus

258 1633 356 1712 olent,
390 1633 467 1697 haec
497 1652 558 1698 non
588 1633 737 1697 haeretici
768 1633 939 1716 peruiccois
971 1633 1026 1697 sed
1055 1632 1191 1696 hominis
1221 1631 1306 1696 bona
1335 1633 1393 1696 tide

258 1738 389 1801 errantis
412 1736 510 1802 uerba
532 1742 615 1817 sunt,
639 1755 701 1819 qua
724 1737 761 1800 de
784 1757 817 1800 re
841 1737 1051 1816 conferantur,
1083 1755 1162 1818 quae
1185 1735 1392 1820 sindigis

256 1861 286 1924 p.
304 1839 475 1904 ott-696
499 1842 649 1924 exposuit,
680 1859 872 1922 quamquam
895 1841 978 1904 huno
1002 1842 1105 1904 uirum
1129 1841 1256 1905 doctum
1278 1840 1394 1905 Fausto

256 1945 348 2009 uirnis
371 1946 476 2010 fauore
499 1945 573 2010 alibi
595 1945 789 2009 ostendimus
814 1945 866 2027 (of.
884 1945 988 2008 studia
1010 1949 1118 2010 nostra
1140 1965 1171 2028 p.
1187 1941 1252 2029 69).

300 2049 404 2114 Tertio
423 2051 490 2114 loco
507 2048 686 2114 Gennadius
706 2067 861 2132 paruum
882 2049 1063 2113 aduersus
1078 2048 1239 2113 Arianos
1263 2053 1299 2114 et
1322 2050 1395 2113 Ma-

256 2155 479 2220 cedonianos
501 2154 676 2218 libellum
699 2153 798 2234 affert,
822 2145 917 2236 quem
940 2157 1100 2218 seruatum
1124 2171 1193 2217 csse
1212 2151 1394 2215 Breoiario

256 2260 338 2341 quod
361 2259 480 2338 dicitur,
496 2255 580 2340 fidoi
603 2255 765 2320 aduersus
780 2255 925 2320 nonnos
946 2259 1028 2322 chto
1044 2258 1181 2340 primum
1196 2275 1215 2320 a
1230 2255 1395 2322 Sirmondo

256 2363 428 2446 (Opuseula
440 2363 616 2446 dogmatica
631 2365 774 2426 ueterum
791 2363 926 2444 quinque
942 2362 1140 2444 scriptorum,
1155 2361 1286 2426 Parisiis
1302 2361 1395 2440 1630,

254 2487 284 2549 p.
302 2466 450 2550 131111),
475 2467 627 2549 aMignio
650 2467 732 2530 inter
754 2484 848 2548 opera
863 2467 976 2530 Leonis
993 2466 1103 2550 Magni
1124 2467 1278 2548 impresso
1296 2465 1394 2549 (Patr.

253 2573 307 2636 lat.
324 2571 404 2636 XIII
426 2570 490 2635 653
505 2571 586 2654 sqq.)
614 2572 688 2635 olim
715 2570 892 2655 Stiltingius
923 2570 966 2654 (p.
989 2569 1076 2654 702),
1105 2589 1189 2634 nuno
1216 2569 1395 2636 Suitbertus

253 2676 408 2740 Baeumor
431 2675 548 2758 (Ueber
570 2675 636 2739 drei
656 2675 798 2740 verioren
814 2693 996 2759 gegangene
1013 2675 1169 2740 Schriften
1185 2675 1239 2739 des
1256 2675 1395 2740 Faustus

253 2798 314 2844 von
336 2781 410 2844 Rieu
433 2781 465 2844 iu
489 2780 686 2862 ephemeride
706 2779 907 2863 Mogontiaco
931 2779 1101 2859 ‚Katholik‘
1127 2776 1209 2840 1887
1233 2799 1262 2862 p.
1286 2777 1396 2842 388-

252 2882 330 2966 406)
354 2887 469 2948 csnset.
514 2884 569 2948 scd
599 2902 671 2947 cum
703 2902 764 2947 non
792 2887 893 2948 exstet
920 2903 1034 2947 nomen
1063 2883 1221 2966 scriptoris
1245 2883 1395 2948 breuiarii

252 3007 385 3070 cumque
413 2992 556 3052 seruatus
583 2988 625 3052 sit
647 3007 764 3070 paruus
787 2988 912 3052 libellus
937 2989 1044 3052 Fausti
1068 2988 1193 3052 nomine
1221 2988 1395 3073 insignitus

252 3096 284 3158 et
306 3112 402 3175 aeque
426 3111 461 3156 ao
483 3092 675 3156 breuiarium
698 3093 775 3156 illud
806 3097 915 3156 eontra
936 3093 1071 3156 Arianos
1095 3097 1126 3155 ct
1148 3092 1396 3158 Macedonianos

252 3197 396 3280 scriptus,
427 3198 510 3261 hunc
540 3198 743 3280 posteriorem
766 3196 964 3262 Gennadium
994 3197 1150 3279 respicere
1174 3198 1396 3262 contendimus

251 3302 283 3364 in
299 3302 509 3384 disputatIone
526 3301 716 3384 ephemeridi
732 3321 839 3385 gymn.
853 3305 948 3365 austr.
965 3299 1048 3364 1890
1060 3321 1089 3383 p.
1104 3299 1167 3363 298
1181 3320 1249 3383 sqq.
1262 3303 1394 3367 inserta.

251 3409 402 3470 tractatus
419 3410 536 3486 autern,
553 3425 646 3487 quem
662 3405 838 3484 laudamus,
860 3406 961 3469 editus
978 3409 1027 3470 est
1042 3408 1236 3488 postremum
1253 3423 1273 3468 s
1288 3407 1325 3470 P.
1343 3407 1398 3470 Pi-

251 3510 351 3589 thoco,
365 3511 516 3575 Ueterum
528 3510 776 3592 aliquothlliae
788 3510 1005 3594 theologorum
1017 3511 1142 3593 scripta,
1155 3509 1286 3574 Parisiis
1298 3511 1397 3590 1586,

249 3634 279 3696 p.
299 3613 360 3676 124
380 3634 463 3696 sqq:
493 3613 611 3676 Fausti
638 3613 735 3700 chii
760 3611 894 3676 Gallias
922 3613 1066 3698 episcopi
1094 3613 1131 3676 de
1159 3613 1288 3677 rationo
1308 3615 1398 3696 fide-i

250 3717 295 3780 ad
310 3717 432 3780 obiecta
447 3717 606 3802 quaedum
622 3717 797 3802 responsio.
807 3718 831 3801 1)
855 3737 950 3800 quam
966 3718 1004 3783 ob
1021 3737 1088 3782 rom
1103 3719 1203 3782 fessus
1219 3723 1268 3783 cst
1285 3719 1397 3784 Fordi-

249 3823 370 3887 nandus
386 3823 647 3905 qnoqueCabrol,
671 3824 771 3904 quiin
787 3823 1018 3887 commentariis
1034 3823 1186 3887 Parisinis
1202 3821 1314 3886 Ranae
1339 3823 1397 3886 des

248 3926 410 4011 questions
433 3926 628 4010 historiques
656 3925 738 3989 1890
760 3947 790 4008 p.
807 3925 980 3990 asa-243
1010 3929 1180 3992 tractatum
1202 3927 1307 4010 illum,
1340 3929 1397 4010 qui

248 4031 427 4096 inscribitur
452 4029 535 4092 liber
559 4029 813 4093 testimoniorum
828 4029 911 4112 fidei
933 4039 1047 4094 eontra
1062 4029 1254 4093 Donatistae
1280 4051 1397 4115 quem-

248 4155 308 4216 que
343 4135 440 4201 edidit
472 4136 559 4200 Pitra
591 4136 624 4199 in
656 4135 818 4200 Analectis
853 4137 950 4200 sacris
986 4138 1017 4200 ot
1049 4135 1188 4199 classicis
1222 4134 1397 4220 Spiciiegio

292 4359 311 4426 ¹)
330 4360 369 4414 ct.
383 4359 455 4413 infra
472 4358 602 4428 appendix
620 4359 699 4414 huius
717 4359 842 4413 editionis
860 4377 885 4428 p.
898 4362 946 4415 451
962 4375 1018 4427 sqq.
