2924 4924
533 463 598 518 1111.
618 463 727 518 Sermo
746 466 768 517 7.
1162 459 1223 524 251

80 642 207 707 fluentis
231 641 354 706 lenibus
377 641 478 705 uirtus
500 640 675 705 infunditur
691 642 722 702 et
744 656 897 721 aquarum
917 640 1031 702 natura
1052 637 1226 701 inebrietur

79 766 117 812 ac
147 747 193 811 sic
224 762 305 810 nouo
337 763 423 809 more
454 745 601 810 creatoris
633 744 681 808 sni
711 743 883 827 potentiam
914 741 1111 806 confitentur.
1156 741 1225 824 quis

78 855 185 935 potest
208 852 271 916 ista
293 853 475 916 conuertere
498 849 558 914 nisi
582 849 635 932 qui
657 848 760 932 potuit
782 851 814 912 et
836 850 961 912 creare?

125 955 339 1020 Deficiente
355 973 429 1039 crgo
444 955 518 1019 mnu
535 953 627 1018 dicit
642 953 684 1017 ad
700 953 824 1017 Iesum
840 954 958 1016 mater
981 951 1076 1016 eius:
1100 951 1226 1015 uinum

80 1078 152 1124 non
176 1059 326 1124 habent.
372 1059 473 1143 primo
493 1059 561 1123 loco
583 1058 790 1140 requiramus,
814 1055 895 1138 quud
918 1055 979 1120 fuit
1000 1055 1121 1135 ninum,
1144 1053 1226 1136 quod
1264 1081 1277 1122 a

81 1164 236 1230 defecisse
265 1163 387 1244 dicitur,
418 1167 450 1227 et
480 1162 553 1244 quid
584 1161 626 1226 sit
655 1160 739 1226 aliud
769 1161 894 1240 uinum,
928 1159 1010 1242 qnod
1041 1158 1226 1224 mirabiliter

80 1271 295 1353 praeparatur,
318 1268 400 1350 quod
423 1267 652 1332 architriclinus
676 1265 787 1330 melius
811 1283 880 1330 esse
902 1265 1083 1347 pronuntiat
1105 1264 1226 1328 dicens:

81 1373 201 1437 omnis
229 1373 336 1436 homo
363 1373 522 1454 primum
550 1370 685 1435 bonum
708 1369 835 1434 uinum
862 1369 969 1453 pouit
996 1372 1044 1448 et,
1073 1387 1153 1432 cum
1176 1369 1227 1433 in·

81 1477 221 1542 ebriati
240 1477 396 1557 fuerint,
417 1477 462 1557 id,
486 1476 581 1558 quod
602 1475 770 1540 deterius
791 1478 858 1538 est.
877 1477 934 1538 -tu
955 1491 1043 1538 uero
1063 1473 1227 1538 seruasti

82 1582 222 1647 bonum
244 1581 371 1645 uiuum
399 1599 518 1662 usque
541 1599 647 1644 nunu.
693 1580 803 1644 uinum
826 1578 935 1643 multis
958 1579 1033 1643 locis
1057 1577 1225 1660 accipimus
1254 1603 1279 1643 10

81 1686 188 1755 diuina
210 1689 378 1768 praecepte
406 1689 437 1750 et
459 1685 631 1768 scripturas
655 1687 779 1748 sanctas
807 1683 1059 1747 meracissimum
1087 1682 1226 1766 uigorem

84 1790 230 1856 caelestis
253 1790 425 1872 supientiae
448 1789 655 1869 continentes,
679 1787 791 1870 quibus
814 1787 854 1851 ad
877 1805 1016 1852 amoram
1040 1785 1157 1851 domini
1179 1787 1228 1851 in-

83 1897 242 1960 calescant
266 1913 378 1959 sensus
402 1899 435 1959 et
456 1894 651 1958 inebrientur
674 1892 816 1973 affectus,
840 1891 1012 1957 secundum
1035 1891 1122 1971 illud,
1146 1890 1227 1972 quod

84 2001 119 2063 de
142 1999 301 2082 sapientia
323 1999 442 2064 dictum
465 2003 527 2063 est:
572 1999 723 2081 parauit
745 2015 909 2062 mensam
933 2014 1052 2077 suam,
1075 1995 1229 2060 miscuit

85 2105 212 2169 ninum
251 2121 357 2167 suum
395 2104 431 2167 in
469 2107 624 2168 cratere.
678 2103 902 2185 seripturarum
940 2119 1013 2185 ergo
1051 2101 1226 2164 diuinarum
1254 2125 1279 2164 rs

85 2211 194 2289 uirtus,
227 2209 254 2272 si
282 2208 406 2290 quaudo
437 2207 567 2273 alieuius
598 2208 745 2272 interiora
774 2206 952 2289 repleuerit,
983 2206 1085 2270 dicere
1114 2206 1230 2289 poterit

85 2333 154 2378 cum
178 2311 352 2395 propheta:
384 2313 526 2395 potasti
556 2329 622 2376 nos
649 2312 735 2376 uino
762 2310 1066 2394 conpunctionis,
1097 2314 1142 2375 et:
1169 2328 1229 2393 po·

84 2418 209 2482 culum
241 2420 344 2480 tuum
367 2415 560 2481 inebrians
583 2435 691 2498 quem
714 2416 947 2500 praeclarum
971 2419 1035 2480 est.
1081 2418 1229 2498 operante

84 2539 156 2606 orgo
182 2521 305 2586 Christo
328 2521 360 2584 in
384 2520 471 2585 (lana
493 2519 652 2586 Galilaeae
680 2521 790 2584 uinum
813 2519 927 2584 defecit
951 2523 983 2584 et
1009 2520 1118 2584 ninum
1146 2519 1228 2600 fecit,

85 2627 115 2689 id
142 2629 191 2690 est
219 2626 332 2690 umbra
359 2631 539 2690 remouetur
568 2628 599 2689 et
625 2626 740 2690 ueritas
767 2628 997 2707 praesentatur,
1026 2625 1074 2689 lor
1102 2624 1228 2704 recedit,
1255 2647 1281 2686 ro

86 2731 184 2813 gratia
211 2729 366 2810 succedit,
395 2729 532 2794 carnalia
558 2727 751 2812 spiritalibus
780 2733 1024 2809 commutantur,
1052 2729 1083 2792 iu
1111 2747 1228 2793 nouum

87 2838 314 2898 testamentum
330 2834 508 2899 obseruatio
524 2820 650 2898 uetusta
669 2833 909 2913 transfunditur,
933 2833 1014 2897 siout
1029 2833 1139 2896 beatus
1156 2851 1229 2915 apo·

87 2939 185 3004 stolus
201 2938 290 3003 dicit:
319 2943 450 3003 uetera
472 2939 709 3002 transierunt
732 2943 768 3002 et
790 2957 874 3002 ecoe
896 2937 933 3002 in
957 2936 1106 3002 Christo
1129 2938 1230 3002 faeta

86 3049 174 3107 sunt
203 3043 329 3108 omnia
359 3061 462 3108 noua.
509 3043 664 3125 quomodo
695 3047 802 3108 autem
832 3041 960 3126 hydriae
990 3043 1062 3106 illae
1091 3043 1228 3126 inpletae

86 3163 167 3228 aqua
182 3147 260 3211 nihil
278 3147 425 3212 minuunt
440 3167 476 3211 ex
492 3165 539 3226 eo,
562 3147 644 3228 quod
666 3151 765 3226 erent,
789 3153 821 3210 e'
842 3151 949 3210 tamen
972 3146 1127 3229 incipiunt
1149 3165 1228 3226 esse,
1255 3169 1282 3210 as

85 3251 168 3332 quod
183 3269 246 3316 non
262 3255 362 3331 erant,
385 3252 430 3315 ito
443 3253 492 3316 lex
509 3269 571 3316 non
586 3252 700 3335 perluit
721 3271 777 3332 por
800 3251 971 3315 aduentum
996 3249 1113 3316 Christi
1135 3250 1228 3314 abso-

85 3354 163 3435 luta,
179 3355 233 3420 sed
254 3355 394 3438 profecit.
431 3355 505 3420 uino
521 3373 594 3439 ergo
610 3355 772 3420 deficiente
789 3356 898 3419 uinum
914 3355 999 3420 aliud
1022 3355 1226 3420 urinistrutur.

84 3458 203 3524 bonum
216 3459 344 3542 quidem
356 3463 405 3524 est
418 3463 508 3524 uetus
521 3463 758 3540 testamentum,
775 3459 830 3524 sed
843 3459 911 3524 sine
924 3459 1054 3542 spiritali
1066 3460 1227 3548 intellectu

85 3565 248 3628 euanescit
262 3564 295 3628 in
311 3563 427 3644 littera,
449 3581 567 3627 nouum
583 3582 657 3628 uero
672 3565 800 3628 odorem
820 3564 904 3628 uitae
920 3564 1054 3628 reddidit
1068 3565 1101 3628 in
1116 3565 1226 3648 gratia

189 3736 217 3806 4]
235 3736 329 3790 Ioann.
340 3737 365 3799 2,
375 3737 399 3791 3.
444 3736 473 3805 8]
492 3735 619 3800 loann.2‚
631 3739 670 3791 10.
718 3737 761 3805 14]
781 3737 860 3790 Prou.
871 3741 895 3800 9,
906 3739 929 3793 2.
980 3735 1022 3806 17]
1041 3735 1140 3791 Pselm.
1151 3740 1193 3802 59,
1203 3741 1226 3794 5.

84 3820 185 3877 Psalm.
197 3825 240 3887 22,
252 3827 277 3880 5.
331 3821 377 3892 28]
396 3825 413 3878 2
426 3823 485 3878 Cor.
496 3825 520 3888 5,
535 3825 574 3878 17.

133 3977 268 4034 lienibus
288 3979 385 4036 Bacch
457 3981 565 4035 2more
583 3998 616 4035 cc
634 3995 741 4034 mouere
759 3981 789 4034 D
849 3979 1004 4036 bdelleisss
1022 3983 1051 4036 D
1113 3981 1180 4036 adut
1200 3983 1229 4036 D

86 4067 121 4122 13
141 4065 302 4123 inebrientur
319 4069 391 4139 Any.
456 4071 488 4124 15
507 4071 623 4123 crataere
641 4068 671 4123 D
733 4067 905 4124 lechonem
923 4071 953 4124 D
1011 4069 1066 4123 ond
1084 4067 1182 4124 defecit
1198 4070 1229 4125 D

84 4151 165 4221 fecit]
182 4153 213 4208 flt
230 4157 301 4225 Any.
316 4155 415 4211 Eruet.
478 4157 510 4211 21
530 4154 644 4210 succidit
662 4156 691 4210 D
753 4157 952 4210 commutantur
970 4157 999 4212 D
1051 4158 1085 4211 24
1102 4155 1179 4227 ydrip
1198 4158 1228 4212 D

84 4239 134 4294 ille
160 4238 253 4309 inplete
276 4243 305 4297 D
383 4243 417 4298 25
440 4241 568 4296 minuunt
585 4243 733 4310 DDuacb,
757 4243 917 4298 minuuntur
934 4245 1005 4313 Aac.
1077 4245 1111 4298 26
1129 4243 1228 4312 perfurit

83 4326 198 4396 scripsi,
218 4327 315 4396 peribit
338 4329 375 4396 D,
393 4329 464 4398 perit
481 4331 553 4400 Acp.
568 4329 666 4386 uacca
749 4331 783 4388 27
801 4329 915 4400 profecit
937 4331 1044 4402 seipas,
1068 4329 1175 4404 prolicit
1198 4331 1228 4388 D

84 4415 122 4471 29
144 4411 232 4468 reddit
249 4417 318 4492 Asty.
332 4415 431 4476 uoco.
