2920 4928
498 423 739 493 Prolcgomene.
1129 427 1203 482 XXV

84 597 224 680 episcopus
248 599 349 663 lactus
373 603 431 680 est,
460 601 498 664 of.
515 599 613 664 uerba
635 601 787 683 epistulae
811 603 937 685 quintae
960 621 979 666 a
1001 603 1116 668 Fausto
1144 606 1202 668 sei-

83 700 142 764 licet
154 722 247 787 nuper
263 703 391 768 demum
406 723 532 769 reuerso
549 705 587 768 ad
599 705 760 770 Ruricium
777 706 868 770 modo
885 707 1066 790 episcopum
1081 708 1201 772 sactum

83 804 157 869 11166
177 828 204 890 p.
222 805 297 889 218,
316 807 369 871 lt:
396 808 523 894 pretias
547 807 593 871 cd
614 830 683 886 uos,
708 808 785 872 clune
808 808 901 872 uobis
925 809 962 873 de
984 810 1202 896 6611166611-

84 905 179 988 bimus,
198 911 256 995 qui
270 909 363 974 uobis
374 911 523 997 putrium
539 912 575 974 in
587 913 852 999 perepriuatione
868 913 999 1000 fecistis
1017 963 1024 977 .
1042 965 1049 978 .
1067 963 1075 977 .
1093 966 1099 980 .
1116 915 1202 978 unde

78 1009 189 1094 scotum
217 1025 271 1094 est,
306 1026 344 1080 nt
376 1015 513 1100 (diuina
543 1017 688 1102 iustitio)
717 1065 724 1080 .
750 1017 1005 1102 ‚fidelissimum
1031 1017 1203 1104 famulum

82 1137 161 1181 suain
181 1121 258 1203 (scil.
274 1121 451 1206 Ruricium)
474 1143 574 1207 super
596 1120 830 1186 caudelabrum
854 1122 966 1187 6166166
986 1145 1065 1187 suae
1081 1174 1088 1187 .
1107 1172 1114 1187 .
1131 1123 1202 1187 sub-

84 1217 194 1287 limaret
216 1224 248 1307 (i.
267 1246 294 1290 6.
311 1227 461 1292 eeclesiae
485 1227 666 1310 episcopum
689 1227 828 1309 taceret),
854 1229 937 1292 unde
960 1229 1040 1293 hanc
1063 1230 1202 1311 quintam

83 1327 230 1408 epistulam
254 1333 328 1395 aute
352 1335 497 1413 quartam
520 1331 627 1396 datam
651 1351 719 1396 esse
743 1335 989 1398 consentaneum
1012 1337 1069 1398 est.

115 1431 248 1516 Epistula
278 1436 441 1500 secunda
470 1436 502 1500 in
534 1437 640 1500 exsilio
671 1437 786 1519 scripta
817 1439 879 1518 est,
910 1440 946 1502 ut
977 1457 1073 1520 supra
1102 1459 1132 1521 p.
1156 1439 1203 1502 XI

82 1539 254 1628 monuimusp
275 1557 336 1622 quo
357 1544 496 1624 tempore
512 1540 662 1604 Ruricius
677 1542 837 1605 saeculum
857 1542 920 1605 iam
941 1561 1013 1606 cum
1032 1543 1202 1608 sacerdotio

81 1647 321 1726 commutandarum,
342 1645 380 1709 61.
397 1665 428 1728 p.
444 1642 518 1725 211,
536 1643 590 1709 19:
615 1665 667 1730 epo
689 1645 771 1707 bunc
787 1644 931 1730 primunt
950 1645 1203 1728 munificentiam

82 1741 192 1809 donnino
212 1745 370 1834 turpicula
385 1748 531 1834 percepi,
554 1747 640 1834 qnod
653 1747 828 1834 piissimus
848 1771 934 1812 naeus
951 1749 1112 1813 Ruricius
1128 1760 1203 1836 post

82 1849 158 1913 111166
172 1851 268 1916 buius
285 1853 477 1916 iactationes
493 1852 539 1916 ad
550 1861 685 1938 portuen
701 1852 870 1939 sclipiouis
883 1875 1023 1938 proram
1039 1854 1159 1917 salutis
1173 1903 1201 1918 ..

81 1957 224 2020 conicertit
244 2005 251 2020 .
274 2007 280 2020 .
303 2009 310 2021 .
333 1967 361 2020 et
393 1956 536 2044 despecto
565 1956 693 2020 tundent
719 1956 848 2021 saeculo
876 1956 1105 2042 infelicitatem
1132 1959 1203 2022 eius

83 2079 212 2145 oncpnam
235 2061 371 2148 respuit.
409 2064 441 2126 in
465 2063 638 2127 enarranda
661 2066 766 2127 autem
790 2063 906 2128 Ruricii
929 2065 994 2128 uita
1020 2064 1102 2128 infra
1123 2064 1204 2128 hanc

80 2166 231 2247 epistulam
254 2167 379 2233 Sidonio
410 2167 481 2233 uiuo
510 2169 657 2250 scriptam
689 2187 757 2234 esse
787 2169 806 2231 i.
832 2187 858 2232 6.
883 2172 955 2232 ante
983 2187 1101 2232 annum
1128 2166 1203 2248 479,

80 2274 227 2352 propterea
254 2272 337 2354 quod
364 2272 507 2337 Ruricius
536 2273 664 2336 clericus
692 2273 755 2336 iam
783 2272 885 2336 factus
914 2275 991 2353 erat,
1019 2291 1091 2337 cum
1119 2273 1205 2338 dedit

80 2373 112 2436 ed
133 2373 286 2442 Sidonium
311 2377 478 2460 epistulam
501 2377 517 2440 Ι
543 2375 592 2457 16,
617 2376 910 2442 demonstrabimus.

116 2478 266 2564 Epistulae
296 2483 417 2565 prima
447 2485 478 2546 et
507 2482 624 2546 tertia
654 2482 720 2545 sine
751 2481 845 2546 dubio
872 2501 891 2546 a
919 2482 1034 2546 Fausto
1065 2483 1203 2547 nondum

80 2587 223 2652 exsulante
243 2587 380 2670 scriptae
401 2589 484 2668 sunt,
508 2605 580 2651 cum
601 2587 687 2651 nulla
710 2587 809 2651 exsilii
831 2587 949 2650 mentio
972 2587 1004 2650 in
1028 2587 1072 2650 eis
1097 2587 1150 2651 liat
1173 2591 1205 2651 et

80 2693 203 2757 extrema
217 2693 329 2758 tertiae
346 2691 497 2775 epistulae
518 2692 615 2756 uerba
634 2691 677 2775 (p.
696 2689 770 2772 211,
786 2691 808 2754 4
824 2692 918 2775 squ),
938 2691 1051 2774 quibus
1068 2693 1203 2757 Faustus

80 2793 187 2862 Ruricio
209 2817 264 2882 pro
288 2797 361 2861 filiis
385 2801 415 2861 et
439 2797 621 2861 diaconibus
643 2799 707 2861 suis
729 2796 841 2861 uberes
866 2797 962 2860 161611
981 2798 1109 2880 gratiae,
1130 2798 1203 2861 Reis

80 2901 180 2984 scripta
194 2921 261 2968 csse
278 2906 437 2985 appareat.
469 2903 547 2966 alius
564 2902 704 2965 eiusdem
720 2901 871 2985 epistulas
886 2902 972 2964 loeus
990 2899 1032 2983 (p.
1047 2899 1203 2985 116141

80 3002 160 3068 lubet
179 3004 340 3091 siquidem
362 3014 390 3068 61
414 3005 554 3068 16161161
575 3014 684 3067 uester·
707 3003 814 3068 666161
838 3025 922 3082 socos,
946 2995 1133 3070 documento
1156 3009 1205 3070 est

81 3108 114 3170 ad
132 3109 206 3176 hano
227 3111 382 3175 redditam
406 3129 474 3174 esse
498 3110 632 3193 priorem
653 3110 770 3174 Ruricii
794 3110 832 3173 ad
847 3110 1000 3174 Faustum
1024 3111 1204 3192 episcopum

81 3213 240 3296 epist-ulam,
265 3215 318 3280 ubi
335 3215 450 3299 legitur
466 3215 509 3298 (p.
527 3213 601 3295 351,
619 3213 667 3297 ll:
691 3212 769 3276 olim
791 3223 818 3276 16
834 3263 841 3276 .
860 3263 867 3276 .
877 3212 978 3298 funin
998 3211 1205 3276 celeberrima

77 3317 274 3399 praedicente
297 3319 443 3405 comneni,
471 3317 548 3382 olion
571 3318 733 3382 desiderio
751 3317 808 3404 pii
830 3317 950 3380 autoris
978 3316 1092 3403 infuso
1116 3317 1205 3380 illis

82 3429 121 3496 te,
146 3422 281 3508 quibus
311 3421 483 3486 scribere
515 3421 711 3509 clipncris,
743 3420 871 3486 oculis
903 3421 1033 3486 cordis
1064 3421 1204 3500 intucor,

81 3523 127 3586 161
145 3525 357 3591 nibilominus
380 3527 476 3590 etium
499 3527 664 3612 corporeis
687 3525 802 3590 uidere
818 3525 953 3612 festino,
981 3545 1041 3610 quo
1065 3531 1204 3610 tempore

82 3627 206 3698 Ruricius
229 3633 354 3698 saeculo
378 3633 516 3698 nondum
532 3634 601 3698 uale
623 3633 749 3712 dixerat,
774 3633 812 3696 cf.
830 3633 896 3696 eius
913 3632 1010 3696 uerba
1032 3652 1061 3716 p.
1080 3631 1153 3713 352,
1170 3631 1204 3696 6:

83 3753 133 3796 nott
154 3735 234 3800 enine
256 3735 366 3800 adbuc
389 3735 479 3799 ualet
498 3735 673 3821 pusillitas
697 3746 810 3799 nostru
832 3746 948 3799 metune
964 3734 1120 3800 obueniue
1136 3758 1205 3799 cou-

83 3833 202 3903 ditienis
217 3839 378 3927 expellere
395 3850 424 3904 61
439 3840 575 3904 caritati
589 3839 754 3926 perfectae
765 3850 916 3927 purpctc
932 3839 1033 3904 corda
1049 3863 1204 3917 16661616,

83 3951 111 4004 ut
134 3943 342 4032 relinquentes
360 3945 555 4030 praesentia
573 3955 723 4031 petemus
747 3945 896 4009 aeternn'

117 4047 179 4115 Non
209 4070 318 4116 omnes
341 4050 449 4116 Fausti
480 4051 630 4134 epistulas
662 4051 750 4116 nobis
782 4051 883 4116 codice
914 4049 1111 4135 Sangalleusi
1143 4048 1206 4114 teo

84 4159 205 4220 seruatas
228 4175 296 4220 esse
321 4155 392 4220 inde
414 4155 614 4238 perspicitur,
638 4157 719 4237 quod
743 4156 829 4220 locus
850 4155 1030 4221 aCaesario
1047 4175 1082 4220 en
1099 4155 1205 4218 Fausti

84 4253 204 4340 episcopi
226 4259 360 4342 epistula
375 4259 502 4322 allatus:
522 4257 637 4341 perdit
652 4257 796 4344 puntiau
811 4259 998 4336 consecrati,
1021 4257 1079 4342 qui
1099 4255 1206 4320 adbuc

84 4353 212 4436 ospicium
228 4359 302 4425 uult
317 4383 462 4426 66616616
477 4361 593 4424 mariti
608 4363 661 4446 (ef.
679 4363 761 4427 infra
780 4384 809 4446 p.
827 4361 905 4446 220)
922 4363 1037 4427 trustra
1052 4363 1083 4426 iu
1099 4366 1206 4427 nostra
