2920 4930
514 433 612 489 Liber
629 434 658 489 Π
675 436 752 490 2-3.
1159 434 1202 498 63

76 609 161 672 trema
191 611 289 674 uincit
319 609 462 675 deflentis
493 609 669 675 infirmitas.
724 610 868 674 humiliat
897 629 930 674 se
960 609 1115 694 fragilitas
1144 611 1203 674 hu-

76 729 155 776 mana
188 718 220 778 et
249 714 316 778 uim
350 714 508 796 quandam
538 715 656 798 patitur
686 714 792 778 diuina
825 713 996 794 sententia,
1030 714 1113 778 sicut
1143 715 1200 779 ait:

75 833 215 900 ragnum
252 819 435 883 caelorum
473 819 548 882 uim
586 819 739 902 patitur.
807 818 994 882 omnimodis
1032 817 1201 883 moriturus

75 920 182 1002 fuisset,
205 923 267 987 uisi
290 924 415 988 territus
439 923 655 1007 supplicasset.
696 923 774 1006 elige
797 925 903 986 utrum
926 923 1015 1003 uelis,
1040 925 1094 986 aut
1112 939 1201 1006 prae-

75 1022 154 1090 fixam
180 1027 401 1092 necessitatem
429 1027 576 1092 confitere
604 1030 757 1092 mutatam
784 1030 839 1092 aut
862 1027 1028 1092 ueritatem
1051 1027 1201 1092 conuiuae
1240 1055 1253 1095 s

76 1132 236 1196 ment‘tam.

600 1288 658 1354 III.

178 1432 254 1481 QUrA
279 1432 376 1475 ALIUD
400 1433 458 1475 EST
481 1432 664 1492 Pknnscnsn,
689 1433 788 1476 AblUD
810 1432 1081 1476 Pmnnssrlrraan.

111 1547 278 1632 Apostolus
302 1551 359 1615 ait:
383 1568 477 1633 quos
505 1551 714 1634 praesciuit
736 1555 772 1615 et
793 1551 1095 1634 praedestinauit
1118 1569 1201 1616 con-

74 1651 197 1720 formes
220 1655 308 1719 ficri
334 1655 510 1740 imaginis
537 1656 612 1720 filii
639 1656 706 1719 sui.
752 1656 836 1720 aliud
860 1661 908 1720 est
929 1657 1094 1738 praescire,
1118 1655 1201 1720 aliud
1228 1682 1253 1721 ro

74 1758 303 1836 praedestinare.
353 1761 560 1842 praescientia
590 1761 694 1842 itaque
724 1761 862 1844 gerenda
891 1761 1081 1843 praenoscit,
1114 1763 1201 1843 post·

74 1861 188 1928 modurn
207 1863 450 1947 praedestinatio
470 1865 670 1929 retribuenda
689 1863 845 1929 describit.
883 1865 936 1928 illa
954 1865 1116 1947 praecidet
1135 1883 1201 1928 me-

74 1963 135 2046 nta,
168 1967 248 2032 haec
277 1968 478 2051 praeordinat
507 1969 655 2052 praemia.
711 1969 917 2053 praescientia
948 1970 986 2032 ad
1015 1969 1200 2052 potentiam,

74 2071 303 2148 praedestinatio
337 2072 376 2136 ad
409 2073 562 2137 iustitiam
595 2073 740 2156 pertinet.
790 2073 996 2155 praescientia
1029 2073 1066 2136 dc
1101 2073 1200 2136 alieno

74 2171 205 2240 subsistit
227 2179 311 2256 actu,
334 2176 574 2258 praedestinatio
599 2179 705 2241 autem
726 2177 763 2241 dc
783 2176 895 2241 iudicio
916 2195 982 2258 suo,
1006 2177 1060 2242 illa
1080 2177 1200 2241 facinus
1228 2204 1252 2244 rs

75 2279 254 2360 manifestat,
284 2281 346 2344 ista
373 2281 574 2362 condemnat,
604 2281 658 2345 illa
680 2282 784 2362 testie,
815 2282 891 2345 haec
914 2282 1003 2346 iudex
1026 2285 1083 2346 est.
1128 2299 1201 2346 oum

74 2380 119 2446 illa
138 2385 407 2466 praenuntiauerit
429 2403 571 2466 causam,
599 2389 674 2450 tunc
696 2387 897 2470 praenuntiat
918 2387 979 2450 ista
1002 2387 1199 2451 sententiam.

73 2488 306 2570 apraescientia
332 2507 411 2571 quae
439 2493 513 2554 sunt
535 2493 641 2554 nostra
664 2491 851 2574 produntur,
879 2509 898 2554 a
919 2491 1200 2574 praedestinatione

74 2607 141 2670 qnae
163 2597 236 2658 sunt
259 2598 493 2677 praeparantur.
540 2613 575 2660 ac
598 2595 642 2659 sic
665 2596 726 2659 nisi
749 2595 957 2679 praescientia
984 2597 1201 2678 explorauerit,

74 2697 306 2776 praedestinatio
334 2699 377 2762 nil
405 2699 550 2764 decernit.
605 2700 686 2764 oculi
714 2704 819 2764 autem
847 2701 949 2765 uicem
976 2701 1201 2784 praescientiae
1227 2727 1253 2767 20

74 2800 160 2865 uirtus
183 2806 316 2882 exercet,
354 2803 435 2884 quod
457 2822 490 2867 se
515 2804 654 2886 aspectui
677 2804 833 2884 obtulerit,
857 2805 916 2869 hoc
938 2804 1067 2870 uidebit.
1109 2823 1201 2870 uum-

74 2905 134 2982 quid
160 2905 272 2970 secisse
303 2907 455 2988 creditur,
486 2908 568 2989 quod
595 2908 835 2991 deprehendisse
863 2910 1079 2992 cognoscitur?
1129 2928 1200 2973 cum

75 3011 164 3073 actem
188 3011 270 3074 oculi
294 3027 332 3074 ea
357 3011 499 3092 uideant,
527 3030 589 3076 non
616 3031 696 3094 quae
722 3013 782 3095 ipsi
809 3013 995 3078 intrinsecus
1022 3017 1200 3096 operantur,

75 3113 119 3174 sod
143 3131 223 3196 quac
251 3115 295 3178 cis
324 3116 516 3181 extrinsecus
544 3117 730 3197 offeruntur,
761 3118 788 3181 si
813 3121 996 3200 peccantem
1024 3119 1200 3202 quempiam

74 3214 141 3282 torte
167 3219 395 3302 conspexerint,
424 3237 486 3284 non
509 3220 618 3304 opinor
640 3221 788 3302 uidentis,
816 3221 870 3285 sed
893 3221 1119 3286 committentis
1144 3221 1201 3287 tla-
1227 3249 1253 3289 a

73 3319 172 3402 gitium
199 3321 395 3388 iudicabitur.
442 3325 487 3388 ita
514 3343 576 3389 non
600 3323 638 3388 ad
660 3327 908 3408 praenoscentis,
935 3325 990 3391 sed
1013 3327 1052 3390 ad
1074 3343 1201 3410 praeco-

73 3425 143 3506 gniti
163 3427 336 3509 pertinebit
358 3433 480 3492 reatum
503 3447 594 3493 omne
618 3429 775 3494 delictum.

107 3529 154 3595 Sic
176 3535 208 3596 et
227 3531 304 3596 deus
325 3550 363 3596 ea
382 3537 455 3597 ante
475 3533 557 3597 diem
577 3533 713 3598 hominis
733 3535 904 3617 praecidet,
928 3553 1007 3617 quae
1031 3553 1093 3600 non
1116 3553 1135 3599 a
1157 3553 1200 3616 se,

73 3633 118 3698 sed
140 3635 177 3699 ab
198 3637 326 3702 homine
346 3637 489 3702 facienda
508 3641 591 3702 aunt.
630 3641 662 3703 et
682 3640 762 3704 sicut
781 3640 914 3704 materia
936 3640 1071 3704 existens
1095 3639 1200 3720 efficit,

164 3791 193 3861 a]
211 3790 309 3846 uasa.
324 3793 420 3856 11‚1a.
472 3791 500 3861 o]
520 3791 596 3847 som.
609 3795 634 3860 s,
646 3795 688 3850 ao.

108 3906 222 4002 deestis
241 3949 269 4002 P
319 3947 432 4004 tuellis
451 3949 479 4003 P
529 3949 587 4018 aut]
606 3967 640 4004 an
659 3951 686 4005 P
741 3949 970 4021 8pracdistinare
988 3953 1016 4006 P
1070 3955 1156 4020 9quo
1175 3951 1203 4007 P

74 4032 265 4096 praedistinanit
283 4035 310 4090 P
363 4037 393 4090 ll
413 4035 605 4104 praedistiuarc
624 4037 652 4092 P
702 4037 808 4106 itaquae
826 4039 854 4093 P
906 4039 938 4094 12
955 4037 1156 4108 praedistinatr'o
1175 4039 1203 4093 P

76 4119 100 4171 ll
117 4121 316 4187 pmcdistinatio
334 4123 362 4176 P
426 4125 458 4178 15
478 4123 681 4192 praedistinatio
700 4126 728 4179 P
791 4125 888 4179 iuditio
907 4127 935 4180 P
995 4129 1027 4181 17
1045 4125 1200 4195 pronuntia-

75 4205 165 4263 ouilc
232 4209 422 4278 pronuntiata
495 4211 527 4265 la
546 4209 781 4279 praedistinatione
800 4213 827 4266 P
895 4214 929 4269 20
951 4211 1153 4283 praedistinatio
1174 4213 1202 4266 P

75 4289 101 4344 ll
118 4295 209 4350 exercit
227 4297 255 4352 P
305 4295 419 4365 exercet]
438 4297 465 4350 ot
483 4297 577 4353 addo
629 4299 662 4354 22
682 4297 900 4368 depraehendisse
913 4301 940 4354 P
990 4299 1202 4369 230pcraturP

77 4375 104 4430 25
120 4383 296 4438 conmittcntic
315 4383 342 4437 P
392 4383 427 4440 29
445 4383 614 4440 emuncta
