2924 4924
548 395 613 451 llll.
633 396 741 452 Sermo
759 400 800 454 22.
1179 401 1240 465 311

103 591 170 637 me.
209 573 345 637 intendit
367 573 450 638 euim
474 593 507 638 se
529 573 658 654 nudum,
682 572 764 656 quud
786 575 1006 637 ornamentum
1029 573 1152 639 diuinae
1172 595 1242 658 pro-

100 677 248 742 tectionis
275 677 432 759 amiserat,
464 681 496 743 et
517 678 585 744 ideo
607 677 737 758 latebat,
767 676 799 742 id
821 679 879 759 est,
909 678 991 761 quod
1020 682 1142 744 uestem
1169 678 1242 744 fidei

101 779 197 866 (nou)
215 780 363 862 habebat,
387 799 482 864 quem
507 782 614 864 utique
637 781 878 866 praeuaricaudu
902 781 1054 866 deposuit.
1092 801 1242 868 magnam

103 905 175 950 rem
198 886 296 951 uides.
320 887 373 952 ille
396 887 457 951 fuit
478 886 591 968 nudus,
614 886 668 969 qui
690 887 828 952 tunicam
849 903 912 952 nou
927 887 1042 968 amisit,
1065 887 1125 952 iste
1140 888 1241 954 nudus

102 1008 169 1054 non
193 992 270 1071 eret,
302 991 355 1073 qui
377 991 573 1056 uestimentis
597 991 682 1056 exuit
704 1009 748 1071 se,
778 1007 857 1073 quae
883 990 916 1055 in
942 1008 1055 1056 manus
1082 991 1241 1057 adulterae
1280 1019 1293 1061 s

100 1093 279 1176 dereliquit.
317 1093 421 1160 Adam
444 1095 598 1178 scriptura
619 1095 709 1160 illum
731 1094 850 1159 nudum
870 1095 997 1176 adserit,
1020 1095 1103 1160 huuc
1122 1096 1242 1160 nudum

102 1217 175 1264 esse
198 1217 261 1265 uon
284 1197 369 1264 dixit.
410 1203 442 1264 et
463 1198 532 1264 ideo
556 1216 594 1263 ea
615 1199 782 1282 expoliauit
803 1217 837 1263 se
859 1199 919 1263 iste
940 1199 1043 1282 pullus
1066 1217 1161 1282 quam
1184 1218 1241 1264 uu-

100 1301 202 1384 dauit,
234 1302 288 1385 qui
316 1303 496 1386 incorrupte
524 1303 678 1367 uirtutum
707 1302 896 1368 uestimenta
922 1302 1061 1367 seruauit
1083 1303 1240 1386 expolians

99 1426 136 1472 se
167 1410 309 1472 ueterem
338 1407 499 1472 hominem
528 1425 600 1472 cum
630 1405 750 1472 cotibus
781 1407 857 1488 suis,
887 1409 923 1471 ut
951 1407 1095 1472 indueret
1123 1424 1241 1472 nouum

98 1513 274 1593 bominem,
290 1513 343 1594 qui
354 1512 525 1577 secuudum
537 1511 707 1596 imaginem
720 1511 867 1578 creatoris
879 1504 1120 1596 in'agnitiuuem
1135 1531 1240 1578 rerum
1269 1539 1293 1580 ιο

98 1619 258 1681 sumatur.
296 1617 348 1681 ille
378 1621 484 1682 eutem
515 1617 617 1681 nudus
649 1617 810 1698 remansit,
841 1617 894 1698 qui
920 1635 954 1681 se
981 1617 1097 1681 iterum
1124 1617 1241 1682 uestire

98 1737 166 1786 nun
189 1721 300 1803 potuit.
340 1720 506 1805 singularis
528 1720 685 1805 priuilegii
707 1721 824 1785 uirtute
848 1723 958 1785 erutus
985 1720 1057 1786 iude
1083 1720 1240 1804 pelliciam

97 1825 225 1908 accepit
246 1823 396 1906 tunicam,
427 1825 499 1907 quia
520 1828 664 1908 peccator
686 1841 749 1890 neu
771 1827 894 1908 poteret
915 1824 1031 1889 habere
1057 1824 1240 1908 spiritalem.

143 1928 322 1992 Accusatus
352 1931 459 1994 autem
482 1928 595 2012 Ioseph
625 1928 664 1994 ad
691 1928 795 1993 omnia
822 1945 880 1992 sua
906 1928 1006 1992 noluit
1026 1929 1114 1992 illam
1137 1928 1239 1993 dicere

98 2031 295 2116 culpabilem
312 2051 390 2113 esse,
413 2033 488 2114 quia
502 2033 602 2097 iustus
625 2050 771 2097 accusare
794 2050 856 2096 uun
877 2033 973 2114 nouit,
995 2035 1027 2097 et
1041 2032 1110 2097 ideo
1124 2033 1240 2115 iupuue
1268 2059 1293 2100 re

96 2137 161 2201 hoc
181 2135 329 2219 inpudica
347 2135 491 2201 faciebat.
529 2136 615 2200 illam
635 2136 729 2220 igitur
749 2154 822 2200 uere
845 2139 970 2200 erutam
992 2136 1121 2200 dixerim
1144 2135 1240 2200 etiam

96 2241 235 2324 pallium
265 2239 379 2323 Ioseph
408 2241 582 2304 humanum
612 2243 782 2320 tenentem,
814 2259 891 2322 quea
922 2240 1025 2305 omnia
1056 2243 1241 2305 ornamenta

95 2345 230 2428 pudoris
246 2347 278 2408 et
292 2345 343 2409 uel
359 2345 481 2409 animae
496 2343 671 2428 perdiderat
686 2344 848 2409 castitatis.
886 2343 976 2408 illum
997 2345 1073 2410 satis
1096 2348 1240 2409 ornatum

96 2449 244 2530 setisque
266 2449 416 2514 uestitum
440 2449 580 2530 dixerim,
612 2450 699 2514 cuius
726 2467 785 2513 uox
808 2465 871 2514 uon
894 2447 1076 2513 audiebatur
1099 2452 1131 2514 et
1152 2449 1241 2514 inuu-

96 2553 206 2618 centia
229 2551 422 2635 loquebatur.
461 2553 506 2617 sic
528 2552 672 2619 Susanna
697 2555 816 2635 postea,
848 2552 923 2617 dum
951 2556 1033 2618 tacet
1058 2552 1091 2616 iu
1117 2553 1239 2635 iudicio,
1268 2579 1294 2619 re

96 2657 217 2722 melius
246 2657 352 2722 locuta
381 2659 430 2722 eat
459 2657 582 2722 oraculo
613 2660 644 2722 et
674 2657 743 2722 ideo
774 2656 907 2722 emeruit
935 2657 1105 2740 prophetae
1134 2657 1241 2722 delen-

95 2764 236 2840 siouem,
259 2779 339 2843 quae
354 2761 497 2845 propriae
512 2761 598 2827 uocis
613 2779 676 2826 non
699 2761 853 2843 quaesiuit
875 2761 1033 2825 auxilium.
1072 2761 1241 2826 beatiorem

95 2884 177 2952 crgo
200 2865 292 2932 illum
314 2865 452 2946 dixerim,
483 2883 555 2930 cum
577 2865 609 2930 iu
632 2874 788 2930 carcerem
810 2865 997 2945 mitteretur,
1027 2865 1079 2946 qui
1106 2864 1241 2930 sustine·

93 2971 157 3036 bat
187 2986 245 3052 pro
275 2969 419 3034 castitate
450 2969 643 3053 martyrium.
679 2968 798 3034 bonum
829 2969 912 3033 enim
941 2971 989 3034 est
1016 2987 1130 3033 munus
1152 2969 1241 3052 pudi-

94 3075 196 3140 citiae
220 3073 326 3155 etiam,
348 3092 420 3138 cum
444 3075 512 3138 sine
534 3073 671 3158 periculo
695 3073 876 3154 custoditur,
900 3071 954 3137 ubi
976 3090 1050 3137 uero
1073 3072 1168 3137 etiam
1191 3090 1241 3138 sa·
1267 3099 1293 3140 re

94 3179 180 3244 lutis
203 3177 339 3260 periculo
362 3177 548 3259 defenditur,
570 3177 615 3242 ibi
634 3179 756 3260 plenius
777 3179 951 3243 coronetur.
988 3176 1128 3242 inaudite
1147 3195 1241 3242 ceusu

92 3289 267 3365 tamquam
289 3299 361 3347 reue
384 3282 523 3347 criminis
546 3282 578 3348 iu
602 3299 759 3348 carcerem
781 3282 894 3364 Ioseph
916 3281 1060 3363 mittitur,
1091 3280 1146 3346 sed
1169 3301 1241 3347 eum

94 3385 251 3454 domiuus
275 3405 333 3451 uec
354 3387 387 3451 in
409 3403 532 3451 carcere
555 3386 726 3452 deserebat.
765 3403 827 3450 uon
847 3389 896 3451 est
910 3389 1000 3470 turpe
1014 3385 1241 3467 innocentibus,

91 3509 175 3558 cum
204 3489 293 3554 falsis
323 3489 505 3556 criminibus
528 3493 726 3576 appetuntur,
756 3507 830 3556 eum
859 3508 1008 3576 oppressa
1032 3491 1151 3556 iustitia
1177 3493 1241 3556 tre·

208 3645 238 3715 8]
258 3643 292 3700 ei,
306 3641 361 3701 col.
374 3647 399 3710 3,
412 3648 436 3702 9.

138 3799 236 3852 ³ueu
253 3793 362 3861 addidi,
379 3812 430 3850 om.
443 3795 473 3848 D
536 3793 661 3848 eunio
678 3794 708 3848 D
771 3809 824 3848 uun
842 3809 948 3850 euram
966 3794 997 3848 iu
1015 3793 1044 3846 D
1107 3791 1240 3848 6dereli·

91 3881 165 3954 quid
180 3882 212 3938 D
263 3879 431 3949 'lpotiusD
483 3881 516 3936 10
534 3895 623 3934 rerum
640 3882 747 3952 arripui,
765 3881 873 3935 reuuD
926 3883 958 3936 12
975 3879 1118 3950 pullegiD
1169 3879 1240 3950 pilli-

90 3972 168 4026 ciam
194 3969 225 4022 D
295 3970 328 4024 13
351 3966 447 4037 accipit
470 3968 499 4022 D
568 3967 658 4022 unice
679 3968 709 4022 D
779 3969 811 4023 14
835 3969 987 4022 occaecatus
1010 3967 1039 4020 D
1110 3969 1142 4023 15
1166 3983 1240 4020 acus-

91 4073 157 4112 sere
178 4055 210 4110 D
264 4057 295 4110 17
313 4054 463 4108 humanum
480 4055 586 4124 scripti,
604 4053 720 4108 humanu
733 4055 763 4110 D
816 4057 848 4111 18
865 4054 968 4108 animae
985 4054 1092 4123 scripsi,
1110 4052 1198 4106 anime
1211 4055 1241 4108 D

91 4147 129 4200 20
151 4140 236 4196 decet
252 4141 283 4195 D
334 4143 366 4196 21
387 4138 492 4194 oraculo
510 4141 618 4210 seipsi,
636 4139 743 4196 oracula
759 4142 789 4196 D
840 4144 874 4197 22
892 4139 1041 4195 beatienem
1057 4141 1087 4194 D
1138 4143 1172 4194 27
1185 4155 1240 4194 ore-

92 4253 183 4312 minis
201 4252 233 4307 D
293 4254 328 4309 28
345 4267 476 4308 carcerem
494 4253 524 4310 D
584 4217 693 4308 de'fetc
710 4253 740 4310 D
800 4251 879 4308 turbe
896 4253 926 4312 D
981 4254 1015 4314 29
1033 4251 1194 4311 eremiuibus
1211 4253 1241 4312 D

91 4341 262 4416 eppituntur
279 4340 308 4394 D
