2920 4930
540 418 637 472 Liber
655 419 668 470 1
686 421 762 474 8-9.
1178 415 1217 479 27

94 613 178 660 mann
201 595 380 660 adiuuantis
403 594 570 659 existimat.
609 598 745 658 ceterum
777 594 815 657 ad
842 611 925 671 eum,
952 593 1004 674 qni
1032 610 1103 656 oum
1127 591 1219 654 misc-

93 702 180 765 rantis
203 700 318 764 anxilio
347 704 476 764 conatus
504 717 576 764 snos
603 700 712 782 iungit,
743 717 806 762 non
829 697 920 761 dicit:
953 714 1023 760 non
1054 695 1218 760 uolentis

94 824 201 887 neque
224 805 425 884 currentis,
449 804 504 868 sed
527 805 626 868 multo
650 804 739 868 aliter
763 804 801 867 ad
817 821 890 866 eum
905 801 1058 882 loquitur:
1082 800 1149 878 sio,
1173 801 1219 863 iu-

94 909 160 989 quit,
189 909 344 988 currite,
372 913 412 972 ut
439 907 766 991 conprehendatiS,
798 911 829 970 et
858 907 988 969 iterum:
1023 909 1096 968 tam
1126 904 1219 968 bene

93 1013 315 1078 currebatis,
339 1013 421 1094 quis
444 1031 508 1076 uos
532 1012 719 1094 inpediuit
746 1011 899 1074 ueritati
926 1027 996 1073 non
1024 1007 1219 1073 oboedire?
1259 1025 1271 1062 u

94 1119 194 1182 sinon
219 1121 269 1180 cst
292 1117 388 1180 etiam
410 1117 555 1180 uoluntas
580 1116 770 1199 expectanda
792 1115 953 1192 currentis,
977 1131 1072 1194 quare
1094 1112 1219 1176 dicitur:

94 1240 150 1304 ego
174 1222 289 1305 igitur
313 1221 365 1284 sio
388 1238 508 1301 curro,
533 1239 602 1285 non
626 1220 730 1302 quasi
753 1220 790 1282 in
813 1219 1012 1297 incertum,
1037 1221 1068 1280 et
1091 1217 1219 1280 iterum:

94 1343 231 1390 rursum
255 1325 525 1404 consummaui,
549 1325 661 1388 fidem
685 1324 859 1387 seruant?
883 1339 953 1386 non
976 1321 1139 1385 uolentis
1163 1339 1221 1383 ne·

94 1449 154 1510 que
177 1430 382 1494 currentis:
413 1431 479 1512 ipse
508 1429 568 1492 sibi
595 1428 713 1493 obtexit
743 1445 881 1491 errorum
911 1426 1073 1505 tenebras,
1105 1425 1158 1506 qui
1189 1424 1221 1488 in

94 1535 247 1617 scripturis
271 1535 388 1598 sanctis
418 1535 468 1597 uel
495 1551 644 1616 personas
671 1533 771 1596 nescit
800 1532 991 1614 interrogare
1022 1531 1073 1594 nel
1100 1547 1220 1592 causas.
1250 1547 1273 1584 ιο

94 1638 231 1704 hocloco
255 1639 413 1722 apostolus
436 1639 577 1721 gentium
605 1655 747 1701 asserens
778 1636 872 1699 fidem
899 1635 1086 1698 Iudaeorum
1115 1653 1222 1716 super·

94 1740 170 1806 biam
192 1747 313 1807 coarcat
336 1747 368 1806 et
383 1743 559 1825 conprimit,
583 1743 634 1823 qui
657 1740 718 1805 sibi
741 1741 895 1804 iustitiam
918 1739 1053 1822 detegis
1076 1737 1221 1819 operibus

94 1847 278 1930 adrogabant
308 1846 416 1910 andei
443 1846 686 1910 misericordiam
718 1848 749 1909 et
778 1846 912 1928 gratiam
939 1841 1138 1925 respuebant,
1168 1842 1221 1923 qui

95 1969 202 2031 suam,
234 1957 270 2016 nt
297 1951 370 2015 dicit
397 1951 566 2033 apostolus,
594 1953 819 2032 quaerentes
843 1952 1009 2013 statuere
1032 1947 1222 2012 iustitiam

95 2053 261 2119 iustitiae
284 2055 342 2118 dei
366 2073 436 2118 nou
459 2059 546 2118 sunt
569 2054 739 2118 subiecti.
1249 2067 1273 2106 1⁵

132 2158 211 2238 Quos
228 2160 336 2224 etalio
353 2159 421 2223 looo
437 2159 586 2222 simulata
600 2159 819 2223 iustificatione
835 2161 866 2222 et
882 2157 1007 2239 obliqua
1022 2177 1076 2240 per
1091 2157 1222 2220 ironiam

95 2280 161 2326 uoce
183 2263 372 2328 condemnat
395 2263 517 2326 dicens:
541 2281 610 2326 non
635 2263 719 2326 ueni
743 2281 874 2327 uocare
897 2263 1033 2342 instoS,
1057 2261 1120 2324 sed
1143 2279 1223 2344 peo-

95 2370 229 2432 catorcs
253 2369 296 2432 ad
320 2369 604 2450 paenitentiam.
642 2369 749 2446 iustos,
776 2367 807 2431 id
830 2371 888 2446 est,
915 2367 968 2448 qui
991 2366 1051 2429 sibi
1073 2366 1111 2428 de
1134 2383 1223 2447 prae-

95 2473 261 2556 sumptione
284 2473 421 2536 institiae
444 2472 656 2551 blandiuntur,
680 2471 761 2534 sicut
784 2476 816 2534 ct
836 2471 895 2534 alio
911 2471 978 2535 loco
1001 2470 1221 2534 iustificantem

95 2593 124 2636 sa
145 2577 262 2660 respuit
284 2577 487 2641 Pharisaeum
512 2579 543 2639 et
566 2579 766 2639 accusantem
794 2595 828 2640 se
856 2576 985 2657 suscipit
1010 2574 1221 2657 publicanum.
1249 2589 1275 2628 ²⁰

95 2696 157 2744 uon
190 2681 294 2760 neni,
328 2680 448 2761 inquit,
483 2697 616 2744 uocare
650 2679 790 2759 iustoS,
829 2679 892 2743 sed
925 2683 1141 2762 peccatores
1180 2677 1222 2741 ad

95 2785 371 2864 paenitentiam,
395 2785 427 2848 id
450 2789 508 2863 est,
532 2784 682 2848 nonnoni
699 2783 830 2847 Iudaeos
855 2803 891 2846 ex
914 2783 983 2866 lege
1006 2783 1064 2846 sibi
1087 2781 1223 2846 iustitiae

95 2887 250 2972 priuilegia
272 2887 477 2968 uindicanteS,
501 2887 553 2951 sed
575 2889 677 2971 potius
701 2891 810 2971 gentes
833 2887 955 2968 requiro
979 2905 1015 2950 er
1031 2886 1091 2950 fide
1115 2903 1225 2968 pecca-

95 2992 188 3056 torum
210 2992 436 3074 paenitentiam
459 2992 650 3075 profitentes
682 3010 755 3055 nam
779 2991 818 3055 ad
840 2992 979 3074 ipsorum
1003 2991 1170 3055 elationem
1193 2992 1225 3053 et

96 3094 149 3157 alio
169 3097 236 3162 loco
259 3097 305 3160 ita
332 3095 423 3160 dicit:
455 3113 525 3160 non
553 3099 611 3160 est
638 3114 728 3178 opus
752 3096 854 3160 sanis
883 3095 1037 3176 medico,
1070 3095 1132 3159 seri
1163 3095 1224 3176 qui
1251 3111 1276 3150 ²⁵

96 3199 181 3264 male
203 3200 352 3264 habent.
391 3201 499 3264 Iudaei
522 3204 627 3264 autem
650 3201 749 3264 iustos
765 3204 797 3263 et
813 3217 905 3264 sanos
922 3218 955 3262 se
971 3199 1130 3263 iactabant
1146 3217 1223 3278 esso,

96 3303 145 3365 scd
165 3323 225 3368 non
249 3307 348 3368 erant.
382 3305 451 3386 quis
468 3309 574 3368 autem
591 3323 704 3368 sanum
720 3325 754 3368 se
771 3322 846 3368 sano
862 3305 952 3368 cordo
969 3303 1070 3368 dicore
1086 3303 1224 3382 auderet,

95 3409 209 3486 qnando
236 3409 424 3472 uniuersitas
453 3411 576 3492 generis
603 3409 733 3472 humani
761 3427 823 3472 uno
851 3409 1003 3490 serpentis
1027 3426 1132 3471 morsu
1155 3425 1224 3490 per-

96 3527 179 3576 cussa
200 3511 396 3597 languebat?
434 3531 497 3576 una
525 3517 572 3576 est
599 3531 672 3596 ergo
700 3532 771 3596 spes
799 3512 943 3576 sanitatis
966 3511 1104 3592 infirmo,
1134 3512 1160 3575 si
1191 3531 1225 3575 se

192 3685 219 3754 a]
241 3688 252 3740 1
274 3683 426 3749 cocum
480 3685 508 3754 c]
528 3683 586 3739 aar.
601 3689 624 3748 5,
638 3687 662 3740 c.
717 3683 950 3754 procusos.
999 3683 1224 3753 sperimus.

100 3767 140 3836 rr]
156 3769 229 3825 rum.
252 3775 291 3837 ro,
304 3773 327 3826 a.
385 3771 429 3840 rr]
447 3771 543 3825 nacon.
563 3775 587 3834 o,
603 3774 641 3826 13.
696 3771 741 3840 25]
760 3771 856 3824 nstin.
875 3773 900 3834 s,
915 3773 954 3826 12.

136 3927 265 3996 tnequao
284 3928 312 3982 P
356 3927 620 3996 tconpraehendora
640 3929 667 3982 P
717 3926 913 3983 bonrrcbeatis
932 3927 960 3981 P
1004 3927 1060 3980 isi
1080 3929 1107 3981 P
1151 3930 1225 3982 Sne-

97 4025 157 4076 quae
175 4013 200 4066 P
245 4017 274 4069 ll
296 4013 431 4082 apestolus
451 4015 477 4068 P
525 4017 556 4069 12
575 4014 693 4068 cohoroit
710 4015 738 4068 P
785 4017 816 4069 16
835 4013 1061 4067 hieronimiamP
1109 4013 1225 4082 18pcni-

97 4097 199 4152 tentiam
220 4103 245 4154 P
313 4103 347 4157 20
370 4119 397 4154 so
415 4119 494 4157 onae
565 4101 691 4155 fariseam
710 4103 737 4154 P
805 4101 917 4169 suscipit
938 4103 1043 4170 scripsi,
1068 4100 1182 4168 suscepit
1201 4101 1228 4154 P

97 4185 129 4236 22
145 4187 202 4240 noui
222 4189 248 4242 P
263 4189 331 4254 (scil.
352 4204 404 4241 non
424 4188 486 4242 noui
506 4211 536 4232 =
556 4191 669 4257 respuo),
688 4188 749 4240 ueni
767 4189 810 4242 ecl
829 4187 890 4240 ueni
908 4203 1036 4242 uocarao
1087 4190 1119 4242 24
1139 4187 1172 4240 ad
1192 4189 1225 4254 P,

99 4271 179 4328 aruer
195 4273 225 4328 de
243 4277 287 4330 act
304 4274 372 4330 obn
432 4275 542 4330 ascani
562 4277 589 4329 P
639 4275 756 4329 medicos
776 4276 804 4330 P
863 4277 895 4330 27
914 4275 954 4345 so]
974 4273 1040 4331 deo
1102 4275 1136 4330 28
1154 4289 1226 4328 mors

99 4373 171 4426 super
188 4377 260 4416 cussa
279 4363 306 4416 P
