2920 4928
493 430 734 498 Prolsgomcna.
1122 429 1184 484 LIX

64 604 198 670 XXXVII
221 609 251 670 et
274 605 427 670 XXXXII
447 609 579 686 exstant,
602 626 679 688 quos
696 607 792 672 edidit
805 607 988 672 Holstenius
1004 627 1043 668 ecc
1058 603 1183 668 duobus

64 709 279 794 manuscriptis
305 707 571 772 Floriacensibue
594 709 816 773 serenissimae
840 709 969 795 rapinae
989 708 1183 786 Christiane,

64 813 119 876 siue
139 813 230 878 dubio
254 834 290 878 ex
313 815 418 879 codice
440 815 609 898 Regiaensi
632 813 707 895 245,
731 815 768 880 de
792 834 853 897 quo
876 816 967 880 modo
990 815 1087 879 uerba
1109 817 1184 878 seci-

64 937 132 997 mus,
153 923 183 982 et
204 919 331 983 codice
355 919 560 1003 Regiaensi
585 918 647 982 140
669 937 749 984 saec.
768 919 945 1000 Vllll—X,
975 920 1028 1001 qui
1059 920 1111 984 tol.
1127 917 1183 981 90¹¹

63 1026 87 1084 et
107 1021 158 1084 94¹¹
180 1023 256 1088 duos
280 1041 441 1088 sermones
464 1023 796 1088 Pseudo-EnsebIanos
820 1023 958 1088 continet
985 1023 1037 1105 (cl.
1055 1023 1184 1088 Reiffer-

63 1126 164 1206 scheid,
192 1127 389 1192 Bibliotheca
415 1131 540 1210 patrnm
568 1127 736 1193 latinorum
763 1128 876 1192 Italica
903 1125 1028 1210 1400).
1074 1127 1184 1192 deinde

62 1229 189 1295 llartene
212 1235 243 1295 et
266 1231 407 1312 amano,
430 1231 581 1297 Ueterum
604 1233 790 1314 scriptorum
808 1283 815 1296 .
833 1283 840 1296 .
858 1281 864 1296 .
883 1232 1033 1312 collectio,
1057 1232 1184 1296 Parisiis

65 1332 146 1415 1733,
168 1335 260 1400 VIIII
279 1334 337 1398 141
356 1355 423 1418 sqq.
463 1335 627 1400 ediderunt
650 1336 757 1401 Fausti
780 1336 914 1420 episcopi
938 1353 1097 1400 sermones
1121 1356 1184 1416 ser,

61 1437 226 1521 intorques
248 1445 312 1504 tres
335 1440 464 1522 priores,
488 1441 506 1504 i.
525 1441 645 1504 ednas
668 1444 790 1506 nostros
814 1445 846 1505 et
868 1459 1059 1505 sermonem:
1090 1439 1185 1503 detur

57 1542 237 1624 punitentia,
260 1565 300 1607 ea
322 1565 378 1606 ms.
396 1541 520 1606 domini
540 1541 719 1608 Cbaucclin
742 1544 905 1630 reqionum
926 1543 1112 1631 siqilloruus
1134 1567 1185 1608 cu-

59 1646 150 1709 stodis
172 1649 382 1732 stgnificanles
406 1649 453 1713 his
477 1649 581 1714 uerbis
609 1650 747 1714 codicem
778 1649 802 1715 Ο
829 1649 882 1731 (cf.
906 1667 999 1732 supra
1020 1669 1050 1732 p.
1072 1649 1183 1732 LVII).

60 1769 142 1830 quem
170 1757 277 1835 quarto
304 1753 371 1818 loco
399 1753 562 1818 ediderunt
588 1775 627 1816 cc
655 1775 710 1815 oss.
732 1751 916 1818 Corbeicasi
938 1751 1057 1816 littaris
1081 1753 1184 1816 Mero-

61 1853 188 1939 sioqicis
208 1865 283 1919 anm
305 1878 407 1920 annos
430 1855 521 1919 mitte
543 1866 680 1920 ena-rato
704 1876 891 1938 sermonem,
915 1859 987 1922 isin
1004 1859 1185 1924 collectione

61 1957 234 2026 Dnrlaceusi
258 1981 288 2025 n.
305 1962 400 2026 XIIII
424 1966 525 2026 exstat
547 1963 700 2045 huiusque
721 1963 835 2027 codicIs
856 1981 951 2045 supra
972 1981 1002 2045 p.
1019 1963 1074 2027 LV
1097 1983 1184 2026 men-

61 2063 165 2128 tionem
188 2066 328 2130 lecimus.
360 2085 519 2132 sermones
543 2067 570 2130 V
595 2070 626 2130 et
641 2067 686 2132 VI
709 2067 748 2130 ed
763 2066 1074 2132 Pseudo-Eusebium
1097 2086 1185 2149 spec-

60 2171 120 2232 tant
141 2169 191 2250 (cl.
209 2170 314 2234 studia
337 2173 444 2234 nostra
465 2190 495 2253 p.
512 2167 578 2253 85).
603 2191 638 2234 ex
661 2171 711 2235 bis
734 2171 891 2236 Holstenii
914 2175 946 2236 et
968 2171 1115 2236 Martenii
1137 2191 1185 2235 re·

59 2273 244 2338 cessionibus
269 2275 416 2357 pendant,
440 2276 627 2357 quicumque
650 2279 761 2358 postea
783 2277 815 2340 in
837 2275 1038 2340 Bibliothecis
1054 2275 1184 2340 Petrum

59 2375 211 2458 Parisinis,
242 2379 433 2458 Coloniensi,
467 2378 684 2463 lugdunensi,
718 2380 881 2464 Migniana
915 2381 991 2446 duos
1026 2399 1184 2445 sermones

58 2479 155 2546 Fausti
190 2484 317 2547 nomine
351 2483 487 2548 edendos
522 2489 719 2548 ourauerunt.
756 2485 831 2550 editi
865 2488 969 2549 autem
1001 2489 1075 2549 sunt
1104 2486 1185 2550 inter

59 2583 186 2652 Caesarii
214 2605 337 2670 qnoque
369 2589 514 2653 homilias
542 2608 577 2652 ex
605 2589 762 2654 codicibus
791 2591 858 2654 sine
887 2589 980 2655 dubio
1007 2589 1185 2654 wircebur-

58 2689 196 2770 gensibus
219 2692 311 2756 modo
334 2693 437 2756 allatis
460 2692 623 2758 similibus.

94 2794 285 2862 Sermones
314 2797 401 2862 XXV
429 2800 461 2862 et
488 2797 593 2862 XXVI
621 2797 745 2862 exbibet
772 2799 883 2864 codex
911 2799 1107 2862 Parisinus
1135 2799 1184 2862 bi-

59 2897 259 2964 blIothecae
275 2901 481 2965 nationalis
494 2901 637 2966 latinus
650 2899 735 2964 3783
748 2921 827 2966 saec.
842 2901 887 2966 XI
900 2903 952 2967 lol.
969 2901 1042 2964 109r
1054 2907 1086 2966 ct
1100 2899 1185 2982 110⁰,

56 3003 134 3066 cuius
161 3023 256 3088 supra
283 3003 346 3068 iam
370 3025 399 3088 p.
416 3005 470 3070 LV
499 3007 689 3070 mentionem
719 3007 858 3072 lecimus.
897 3025 1073 3070 sermonem
1097 3007 1184 3070 XXV

56 3109 151 3186 patres
174 3108 312 3174 Maurici
335 3109 416 3174 inter
438 3127 598 3174 sermones
627 3110 737 3174 dubles
760 3109 932 3194 Augustini
958 3110 1002 3192 (n.
1024 3109 1098 3194 142)
1122 3111 1185 3174 edi-

56 3209 157 3278 derunt
180 3219 212 3278 et
226 3213 372 3278 Caesario
396 3213 499 3296 (cuius
523 3215 648 3279 nomine
670 3215 771 3279 edibus
788 3219 836 3280 est
855 3215 887 3280 iu
904 3215 1022 3280 Beluaii
1039 3216 1184 3296 edibione,

56 3311 128 3380 Bibl.
148 3317 231 3382 Patr.
255 3317 353 3401 Lugd.
375 3317 452 3382 VIII
480 3315 558 3402 820)
586 3319 833 3384 uindicauerunl.
881 3338 938 3403 ego
969 3321 1049 3384 inter
1076 3319 1185 3384 Fausti

56 3419 162 3502 scripta
176 3422 278 3504 recepi
298 3421 410 3486 codicis
426 3423 559 3486 Parisini
574 3424 773 3505 potissimum
793 3424 977 3488 auctoritate
1002 3425 1098 3504 uisus,
1122 3427 1185 3506 qui,

55 3529 212 3608 cumpost
241 3525 326 3590 hunc
357 3545 532 3592 sermonem
564 3527 709 3592 exhibeat
738 3527 981 3610 praescriptione
1008 3547 1083 3592 usus
1112 3527 1185 3592 item

55 3649 147 3690 sermo
170 3627 257 3692 unde
279 3651 387 3714 supra
409 3631 554 3711 altorum,
578 3631 630 3713 qui
654 3633 835 3696 certissimis
859 3633 1053 3716 argumentis
1069 3632 1185 3698 Fausto

55 3731 181 3800 adscribi
203 3739 308 3818 potest
330 3739 362 3800 et
383 3735 441 3799 boc
464 3735 529 3800 solo
553 3737 656 3800 codiee
680 3740 832 3818 seruatur,
860 3741 986 3801 centum
1010 3737 1080 3801 aliis
1103 3739 1186 3802 codi-

55 3835 131 3901 cibus
155 3840 256 3922 potior
280 3843 337 3904 est.
361 3843 500 3904 ceterum
525 3843 625 3904 exstat
645 3859 748 3905 sermo
769 3843 862 3906 etiam
884 3841 915 3905 in
939 3841 1063 3906 codice
1081 3841 1185 3906 Obel-

55 3943 299 4008 teuhamicnsi
326 3941 412 4008 8400
439 3963 519 4008 saec.
537 3943 613 4008 Vlll
642 3943 685 4026 (n.
703 3943 759 4027 31)
788 3949 820 4008 et
842 3945 966 4010 codice
990 3946 1185 4012 Cantabri·

54 4045 165 4124 aiensi
197 4047 417 4128 (Pcmbroke
448 4047 615 4132 Collega)
645 4049 779 4114 saecX
813 4047 858 4131 (n.
882 4047 948 4132 22),
983 4069 1059 4140 quos
1091 4069 1185 4133 supra

55 4147 241 4216 laudauimus
269 4171 407 4235 quosque
434 4153 517 4217 haud
541 4171 655 4236 paucos
679 4171 839 4218 sermones
864 4153 971 4218 Fausti
994 4155 1183 4218 collectionis

57 4249 248 4320 llurlaccusis
271 4257 431 4321 continere
454 4257 601 4322 uidimus.
640 4259 676 4322 de
705 4259 929 4341 fragmentis
952 4259 1184 4324 Monacensi-

56 4353 114 4422 bus
143 4379 223 4426 saec.
253 4361 437 4426 VII-VIII
467 4361 507 4426 of.
534 4361 664 4442 Hauler,
694 4361 825 4447 prem.
848 4381 955 4448 gymn.
980 4365 1074 4428 austr.
1102 4361 1185 4432 1890
