2924 4924
234 384 299 450 260
676 383 741 438 ΠΠ.
762 383 870 437 Sermo
890 386 930 439 10.

235 561 294 626 tati
324 560 474 642 peculiari
504 577 633 643 operum
662 579 790 624 suorum
820 560 961 624 claritate
992 559 1164 640 refulserit,
1199 559 1239 622 ed
1269 561 1369 622 omnia

235 669 342 730 temen
372 666 442 730 loca
463 668 556 746 atque
578 665 629 729 bel
659 665 796 730 nominis
820 665 867 728 sui
889 664 1033 747 opinione
1063 663 1217 748 peruenit,
1247 664 1370 728 merito

234 788 305 833 rum
329 788 457 834 suorum
480 770 583 833 lucem
605 769 750 852 perfudit.
786 769 874 833 cuins
897 769 972 833 dum
995 769 1160 834 recolimus
1183 769 1369 852 inexpugna-

235 874 331 939 bilem
358 875 390 940 in
411 874 556 958 operibus
576 873 681 954 fidem,
704 874 880 938 mirabilem
903 874 935 938 in
956 877 1139 956 contemptu
1162 872 1272 937 mundi
1294 874 1368 956 rigo

196 1007 208 1046 e
235 997 313 1059 rem,
328 979 518 1062 singularem
535 978 567 1042 in
581 978 793 1042 misericordia
804 979 975 1058 caritatem,
992 976 1205 1042 indubitanter
1221 977 1367 1040 eredimus

235 1103 307 1147 eum
331 1084 449 1166 inplere
472 1083 567 1146 etiam
591 1099 652 1146 non
675 1083 793 1165 inplete
814 1082 958 1166 pensione
981 1082 1175 1164 martyrium.
1436 1072 1440 1087 '

278 1186 348 1252 Nou
372 1188 455 1251 enim
479 1187 664 1270 martyrium
688 1187 754 1250 sola
777 1186 939 1270 sanguinis
962 1189 1161 1251 consummat
1185 1185 1295 1249 effusio
1316 1202 1366 1248 nec

236 1292 303 1356 sola
325 1293 378 1356 dat
401 1292 539 1373 palmam
563 1291 683 1356 exustio
705 1291 760 1355 illa
781 1290 992 1355 flammarum.
1038 1291 1218 1374 peruenitur
1241 1307 1301 1354 non
1322 1305 1366 1352 so
1438 1334 1441 1357 ι

235 1396 302 1459 lum
325 1413 447 1476 occasu,
476 1395 530 1459 sed
554 1395 649 1459 etiam
671 1399 854 1479 contemptu
881 1395 1017 1478 corporis
1040 1395 1079 1458 ad
1101 1412 1257 1460 coronam.
1301 1392 1364 1456 abs-

185 1528 210 1566 10
237 1519 296 1582 que
325 1500 439 1563 iniuria
465 1503 644 1564 sanctorum
672 1499 704 1563 in
733 1499 1001 1583 persecutionibus
1028 1499 1247 1563 defunctorum
1275 1497 1364 1561 dicere

235 1605 341 1668 liceat:
372 1621 499 1668 carnem
522 1602 688 1684 adflixisse,
716 1603 878 1668 libidinem
905 1621 1080 1688 superasse,
1107 1603 1257 1667 auaritiae
1282 1601 1363 1665 resti-

235 1709 321 1788 tisse,
352 1708 389 1772 de
417 1707 533 1772 mundo
563 1707 774 1790 triumphasse
804 1727 876 1791 pars
904 1726 1020 1792 megna
1046 1708 1189 1787 martyrii
1216 1711 1272 1771 est.
1313 1721 1363 1768 nos

236 1831 319 1893 uero,
343 1813 455 1877 fratres
479 1811 684 1892 dilectissimi,
708 1813 735 1876 si
750 1811 789 1876 ad
812 1813 1004 1876 consortium
1027 1812 1077 1875 uel
1100 1811 1296 1876 sacerdotum
1317 1826 1364 1871 uo-

235 1919 340 1982 lumus
363 1917 536 1999 peruenire,
566 1916 603 1979 do
631 1917 805 1980 imitatione
834 1921 1008 2000 martyrum
1029 1917 1214 2000 cogitemus.
1259 1913 1363 1978 debent

184 2053 209 2088 re
236 2023 320 2086 enim
348 2021 380 2085 in
409 2021 498 2085 nobis
521 2020 638 2102 aliquid
661 2021 699 2084 de
723 2021 787 2084 suis
816 2019 984 2084 uirtutibus
1006 2037 1239 2104 recognoscere,
1262 2023 1297 2082 ut
1316 2033 1363 2100 pro

237 2125 327 2190 nobis
352 2125 518 2208 dignentur
541 2125 666 2188 domino
697 2124 882 2207 supplicare.
929 2125 955 2188 si
986 2125 1069 2188 enim
1098 2127 1266 2203 tormenta,
1294 2138 1364 2203 quae

238 2230 339 2294 sancti
356 2233 509 2311 martyres
532 2229 740 2312 pertulerunt,
764 2228 894 2293 sufferre
916 2246 978 2292 non
1001 2247 1180 2311 possumne,
1203 2228 1254 2292 uel
1269 2228 1364 2291 contra

236 2335 335 2398 malas
368 2333 635 2416 concupiscentias
669 2334 744 2415 ipsis
778 2332 1044 2397 intercedentibus
1077 2349 1297 2418 repugnemus.
1337 2333 1364 2391 et
1410 2413 1412 2416 Ι

236 2439 310 2520 quia
339 2457 401 2502 non
430 2439 545 2503 desunt
571 2438 740 2503 cottidiana
766 2441 908 2521 peecata,
940 2455 1002 2502 uon
1030 2438 1133 2502 desint
1162 2439 1259 2502 etiam
1285 2433 1364 2499 cotti·

185 2571 210 2608 20
237 2543 330 2608 diana
351 2543 499 2608 remedia.

279 2647 379 2712 Nemo
402 2667 435 2712 ee
459 2648 566 2712 credat
588 2649 725 2731 aliquam
748 2647 931 2712 felicitatem
954 2647 1005 2711 uel
1028 2647 1153 2729 aliquod
1168 2665 1278 2710 uemm
1296 2661 1363 2728 gau·

237 2753 323 2816 dium
350 2753 382 2816 in
410 2753 469 2817 hoo
491 2753 616 2816 saeculo
642 2753 810 2835 possidere.
856 2751 1017 2816 beatitudo
1045 2751 1225 2835 praeparari
1251 2750 1298 2815 hic
1317 2764 1363 2830 po·

237 2861 308 2938 test,
331 2857 482 2941 possideri
505 2875 567 2922 non
590 2859 703 2940 potest.
735 2857 796 2922 duo
818 2857 879 2922 sibi
901 2861 1043 2941 tempora
1061 2855 1170 2920 ordine
1193 2873 1249 2920 suo
1271 2869 1363 2918 succe·

237 2961 325 3042 dunt,
348 2965 473 3044 tempus
496 2959 591 3025 flendi
612 2965 643 3026 et
665 2965 790 3044 tempus
810 2960 940 3026 ridendi.
978 2979 1070 3026 nemo
1087 2979 1121 3026 se
1143 2957 1363 3032 circumuenial,

185 3092 211 3130 ee
237 3067 361 3145 fratres,
390 3069 525 3130 nonest
551 3066 583 3130 in
610 3067 669 3130 lroc
691 3065 809 3130 mundo
832 3068 957 3150 tempus
984 3064 1113 3130 ridendi.
1159 3065 1233 3144 scio,
1254 3063 1363 3136 fratres,

238 3169 312 3251 quie
327 3169 429 3234 omnis
445 3169 540 3234 homo
555 3169 691 3254 gaudere
707 3169 873 3252 desiderat,
897 3169 952 3234 sed
974 3187 1034 3234 non
1058 3167 1102 3232 ibi
1124 3173 1279 3250 quaeruut
1298 3183 1364 3250 gau-

238 3273 334 3354 dium,
358 3273 412 3337 ubi
426 3277 548 3357 oportet
570 3273 692 3356 inquiri.
739 3293 849 3339 nerum
872 3274 1022 3359 gaudium
1045 3273 1077 3338 iu
1099 3273 1159 3337 hoc
1181 3271 1296 3337 mundo
1316 3283 1364 3332 nec

238 3377 298 3442 fuit
321 3396 378 3442 nec
400 3381 450 3443 est
472 3396 529 3442 nec
553 3397 621 3442 esse
643 3379 766 3462 poterit.
812 3379 858 3444 sic
880 3380 964 3443 enim
987 3378 1131 3442 dominus
1160 3377 1193 3442 in
1217 3371 1363 3458 euangelio

282 3585 450 3655 bpossione]
474 3585 528 3654 etia}
548 3585 688 3654 pasililsione
707 3587 736 3640 D
758 3587 827 3652 (mat
849 3602 893 3639 sae
915 3588 946 3641 io
963 3589 1030 3653 rus.)
1100 3585 1259 3653 martyrium
1279 3577 1363 3650 scripti

238 3679 350 3742 utroque
362 3674 428 3740 loco,
442 3673 562 3741 martyrii
574 3674 604 3726 D
654 3676 669 3728 7
683 3689 750 3743 quoe
761 3679 910 3742 repandae
919 3691 1003 3743 uapore
1014 3673 1052 3728 od
1063 3675 1143 3742 finem
1155 3677 1304 3743 eoeepruunt
1314 3682 1362 3724 eun

239 3761 390 3831 Augustini
415 3776 534 3815 sermoow
561 3760 643 3817 dubie
665 3763 718 3816 224
741 3761 794 3828 (39,
810 3764 881 3815 2159
896 3761 948 3828 M.)
1019 3762 1198 3863 inconsumst
1220 3753 1363 3812 effussioD
1445 3765 1446 3786 ³

239 3872 381 3942 Spallllnm
400 3873 430 3928 D
481 3875 623 3928 9occassu
642 3873 671 3928 D
725 3875 757 3928 12
775 3873 879 3927 martiri
899 3875 928 3926 D
981 3875 1013 3928 13
1031 3871 1065 3926 ad
1084 3873 1113 3926 D
1165 3879 1229 3928 ente
1248 3870 1288 3925 uel
1304 3871 1363 3935 Auo.

241 3963 390 4028 martyrum
408 3961 494 4027 babet,
511 3960 558 4015 aed
569 3961 718 4028 [obtusione
773 3961 804 4014 14
822 3959 976 4012 emitatioue
990 3960 1019 4013 D
1075 3959 1189 4013 martirio
1206 3960 1236 4014 D
1287 3961 1316 4013 15
1332 3969 1363 4006 rt*

240 4061 412 4115 cognoscaere
430 4048 460 4100 D
514 4049 547 4102 16
565 4045 734 4114 digneturD
788 4047 820 4100 17
839 4047 962 4100 martires
975 4047 1004 4100 D
1057 4045 1152 4102 suffere
1165 4048 1195 4102 D
1248 4050 1278 4104 18
1295 4045 1363 4098 inter·

241 4132 411 4187 caedentibus
430 4133 459 4188 D
513 4134 545 4187 19
564 4131 710 4186 eotditiana
728 4133 757 4186 D
773 4138 886 4202 raroque
904 4135 961 4189 loeo
1015 4131 1085 4186 desit
1102 4135 1132 4188 D
1184 4137 1217 4190 21
1238 4127 1363 4200 aliquidl)

240 4247 274 4300 aa
293 4245 434 4300 aceruum
451 4246 481 4300 n
550 4245 584 4300 ao
603 4203 735 4298 rediise
753 4245 782 4299 n
852 4260 906 4299 non
923 4243 972 4314 ror]
989 4262 1012 4315 ,p
1030 4244 1106 4300 noers
1130 4245 1170 4300 n¹
1241 4243 1301 4313 non]
1321 4238 1362 4294 oo

241 4331 389 4404 acuam.
443 4335 559 4400 querunt
576 4333 606 4387 D
657 4333 691 4387 28
709 4329 879 4400 inuuengelio
897 4333 927 4388 D
