2954 4930
531 437 595 492 IIII.
614 437 723 490 Sermo
741 439 782 492 25.

610 665 708 730 XXV.

402 809 505 850 SBRMO
528 809 612 850 Arma
635 808 918 856 Quananousfflnll.

134 927 220 1009 Rogo
243 930 276 990 et
298 926 451 991 admoneo
476 943 542 1006 uos,
565 926 677 990 iratres
701 924 868 1004 carissimi,
892 929 927 988 61
951 924 982 989 16
1006 925 1065 989 1616
1087 926 1227 1009 legitimo

95 1049 127 1094 66
149 1030 361 1094 sacratissimo
377 1033 517 1112 tempore
541 1029 678 1112 exceptis
694 1029 858 1094 dominicis
874 1027 984 1092 diebus
1008 1030 1112 1094 nullus
1135 1047 1228 1112 prau-

95 1136 161 1200 dere
184 1137 381 1218 praesumat,
412 1135 472 1198 nisi
496 1135 575 1198 forte
598 1134 666 1214 1116,
697 1151 791 1216 quem
816 1133 951 1197 ieiunare
975 1133 1142 1198 infirmitas
1166 1153 1227 1200 non
1267 1164 1280 1201 6

94 1241 253 1322 permittit,
273 1239 346 1322 quia
361 1239 430 1303 61116
447 1237 556 1302 diebus
572 1239 709 1302 ieiunare
726 1241 780 1302 aut
795 1238 967 1302 remedium
985 1243 1039 1302 aut
1054 1239 1227 1321 praemium

95 1347 147 1422 est,
170 1345 203 1408 iu
226 1343 467 1427 quadragesima
489 1361 550 1407 nou
575 1343 712 1406 ieiunare
735 1346 897 1425 peecatum
922 1347 978 1406 est.
1006 1343 1066 1407 6116
1089 1347 1228 1426 tempore

94 1448 142 1529 qui
165 1448 294 1526 ieiunat,
317 1447 449 1530 accipiet
471 1447 709 1530 indulgentiam,
732 1448 764 1511 in
787 1447 1027 1530 quadragesime
1051 1448 1103 1529 qui
1125 1451 1230 1530 potest

95 1555 208 1617 elnon
231 1553 358 1631 ieiunat,
382 1551 498 1616 sentiet
520 1569 663 1634 poenam.
711 1550 832 1632 etipse
856 1554 977 1630 tamen,
1008 1552 1062 1632 qui
1093 1551 1228 1616 ieiunare

95 1675 151 1720 666
174 1656 345 1740 praeualet,
374 1656 524 1720 secretius
555 1654 615 1718 sibi
647 1655 703 1718 soli
731 1659 799 1734 aut,
828 1655 855 1718 61
887 1659 935 1718 661
964 1655 1042 1719 61166
1074 1655 1227 1736 infirmae,
1257 1685 1280 1722 o

94 1779 162 1825 cum
186 1762 253 1844 1666
277 1760 336 1824 6111
359 1761 390 1824 16
414 1759 508 1823 domu
532 1777 589 1823 666
611 1763 790 1843 praeparet,
818 1759 899 1840 quod
924 1759 1064 1842 66616161,
1093 1764 1124 1823 61
1148 1760 1228 1840 11166,

94 1865 143 1946 661
164 1863 249 1948 (6661
272 1869 346 1929 suut
369 1867 413 1948 et>
436 1864 573 1928 ieiunare
597 1863 795 1947 6666661661,
823 1863 863 1926 61
886 1863 1137 1927 manducandum
1167 1883 1228 1928 666

94 1970 213 2050 1661161,
236 1971 317 2052 quia,
341 1969 574 2048 611661666611,
598 1987 659 2032 666
677 1969 778 2031 solum
800 1967 876 2030 deus
900 1967 1064 2032 sedetiam
1087 1968 1228 2032 homines

93 2075 272 2158 intellegere
294 2077 427 2156 possunt
450 2073 539 2136 illum
563 2091 624 2136 non
648 2089 703 2155 pro
727 2071 909 2136 infirmitate
931 2070 1020 2156 (nou)
1042 2091 1143 2155 posse,
1174 2073 1229 2136 sed

94 2197 145 2260 666
167 2179 244 2261 gula
264 2179 402 2242 16166666
425 2195 487 2242 666
511 2177 601 2240 66116.
640 2175 775 2240 66116161
800 2177 860 2255 1111,
889 2176 969 2257 quod
997 2177 1063 2258 1666
1090 2177 1228 2241 ieiunare
1257 2203 1281 2242 1⁵

94 2300 151 2346 666
168 2283 339 2366 666666161,
364 2285 396 2345 61
410 2281 511 2365 magis
535 2299 606 2345 oum
622 2281 740 2364 gemitu
764 2283 795 2344 et
810 2281 942 2362 suspirio
967 2285 998 2344 61
1013 2281 1110 2344 animi
1127 2281 1230 2346 dolore

94 2387 257 2451 manducet
278 2403 333 2469 666
362 2405 412 2465 66,
440 2385 521 2466 quod
545 2385 613 2448 aliis
641 2383 851 2448 ieiunantibus
880 2387 911 2447 61
938 2384 1003 2466 1666
1032 2403 1093 2449 666
1116 2387 1228 2468 661661.

93 2492 171 2572 quod
196 2510 273 2573 6666
304 2495 352 2555 661
375 2491 540 2572 uuicuique
571 2489 710 2568 infirmo,
742 2489 891 2552 secretius
921 2493 976 2552 aut
999 2489 1059 2552 sibi
1090 2491 1148 2554 6611
1176 2493 1231 2554 661

93 2595 142 2659 alii
165 2595 289 2660 infirmo
312 2595 457 2659 similiter
479 2594 575 2658 faciat
593 2611 787 2676 praeparare,
811 2594 968 2674 quianon
992 2594 1018 2656 ei
1042 2597 1173 2676 oportet,
1197 2597 1232 2658 61

93 2699 228 2781 aliquem
252 2717 363 2763 sanum
387 2703 476 2782 roget
503 2699 542 2762 ad
564 2689 745 2779 prandium,
777 2715 815 2760 66
846 2697 905 2760 6111
932 2701 1047 2780 augeat
1074 2698 1169 2761 etiam
1192 2699 1230 2762 de
1257 2724 1283 2762 so

93 2803 219 2867 alterius
242 2803 316 2886 gula
338 2806 511 2886 peccatum.

134 2907 195 2971 Pro
219 2924 254 2970 66
277 2910 394 2986 tamen,
418 2906 499 2988 quod
523 2923 584 2969 666
600 2908 704 2988 potest
717 2905 865 2984 ieiunare,
889 2905 1023 2986 amplius
1043 2904 1230 2987 pauperibus

93 3029 217 3096 erogare
241 3011 347 3090 debet,
375 3015 410 3075 61
431 3013 573 3092 6666616,
602 3027 680 3091 quae
709 3027 770 3071 uon
793 3011 896 3090 potest
919 3008 1085 3071 ieiunando
1109 3025 1229 3088 curare,

93 3116 191 3196 possit
213 3115 401 3198 elimosynas
426 3114 527 3178 dando
550 3114 712 3176 redimere.
736 3112 854 3176 bonurn
874 3115 922 3174 est
936 3111 1083 3190 ieiunare,
1107 3111 1230 3191 1661666,

93 3219 146 3282 661
170 3219 281 3283 melius
306 3223 354 3282 est
378 3219 582 3301 elimosynam
611 3217 693 3281 dare.
732 3218 758 3280 si
785 3216 898 3298 aliquis
926 3219 1094 3298 utrumque
1117 3219 1230 3299 potest,
1258 3244 1283 3282 66

94 3323 206 3406 duplex
228 3323 345 3387 bonum
370 3327 426 3386 est.
451 3323 478 3386 61
500 3339 574 3386 6666
597 3339 659 3386 666
680 3325 794 3403 661661,
818 3321 931 3384 melius
956 3323 1004 3384 661
1027 3321 1231 3403 elimosynam

135 3549 214 3602 2lra'e
231 3563 316 3602 sermo
334 3552 422 3602 666161
438 3547 470 3602 io
488 3547 578 3602 codice
596 3545 727 3601 Parisino
746 3545 960 3599 idamaeam.
978 3543 1028 3598 XI
1047 3545 1167 3600 16666116
1185 3546 1233 3612 (Pl

92 3635 138 3701 (61.
152 3637 228 3702 1095·
249 3635 338 3690 editus
360 3639 398 3688 eat
419 3635 491 3688 inter
508 3633 660 3703 Augaelini
677 3648 811 3688 semrom
829 3631 926 3686 dubios
944 3635 997 3686 142
1013 3633 1068 3700 (39,
1079 3635 1150 3686 2022
1168 3634 1234 3700 M),-

93 3721 224 3791 iucipinnt
242 3736 376 3774 sermones
395 3719 432 3774 111
451 3719 532 3773 leuati
551 3718 593 3788 6166
611 3718 716 3788 legendi
735 3723 796 3771 ante
814 3717 1018 3786 quadragesima
1040 3719 1068 3772 P
1136 3721 1153 3773 3
1176 3735 1232 3772 am-

94 3823 187 3862 moneo
210 3809 237 3863 P
304 3811 321 3862 4
343 3807 534 3876 sacratissimo]
558 3805 776 3875 quadragesimae
797 3805 862 3860 odd.
880 3807 952 3874 Aug.
1024 3809 1039 3860 5
1062 3805 1184 3874 preumat
1207 3807 1234 3860 P

95 3897 123 3950 ll
148 3895 258 3949 domum
281 3911 357 3950 suam
380 3896 407 3949 P
477 3897 509 3950 12
532 3893 590 3947 6661
608 3897 672 3948 6661
689 3895 717 3945 61
734 3893 815 3962 Aug,
838 3909 888 3947 ono.
908 3893 935 3946 P
1003 3891 1232 3960 manducandum]

93 3981 234 4049 prandium
253 3983 324 4052 Aug.
390 3983 421 4038 14
441 3997 494 4034 666
512 3981 593 4052 Aug,
612 3998 662 4036 om.
677 3979 704 4033 P
761 3976 1231 4082 17611666]11166161166661166.

95 4095 126 4150 18
145 4095 209 4162 quid
227 4097 299 4166 Aug.
354 4094 621 4162 seoretius-oportet
639 4093 824 4161 6166661666.
880 4095 911 4147 19
929 4091 981 4146 alio
1000 4093 1027 4146 P
1042 4091 1066 4158 (1
1085 4110 1157 4146 mon.
1174 4092 1233 4158 cll.)

93 4209 127 4262 211
144 4223 238 4276 rogare
256 4209 327 4278 Aug.
381 4205 426 4276 ue]
445 4209 476 4260 ut
494 4207 565 4276 Aug.
620 4207 654 4260 24
672 4170 832 4273 (6166661616
852 4205 879 4258 Ρ
895 4205 922 4270 (6
939 4205 1084 4270 roumalt.)
1136 4203 1233 4260 6616-

93 4291 248 4348 lemosinam
268 4295 295 4350 P
345 4295 380 4350 26
392 4291 489 4362 duplex
501 4291 602 4346 bonum
615 4293 767 4361 6616661661
780 4293 839 4346 coll.
849 4309 878 4361 p.
891 4295 951 4357 324,
965 4295 989 4358 5,
1008 4289 1061 4344 duo
1074 4289 1173 4344 bonum
1192 4293 1233 4344 661

95 4379 127 4446 Ρ,
146 4379 198 4434 166
216 4379 368 4434 66611666
386 4382 456 4450 Aug.
510 4377 702 4432 helemosinem
722 4379 749 4432 P

1026 4465 1077 4516 21‘
