2920 4930
254 389 296 454 '16
712 389 734 444 1.
753 389 799 446 Dc
819 389 929 457 gratia

253 565 444 648 appetitus
475 566 553 630 eius
581 569 617 630 et
640 569 679 630 tu
701 563 954 630 dominaberis
977 565 1092 630 illius.
1131 565 1217 628 nulla
1240 566 1392 646 peccandi

254 670 440 734 necessitate
463 670 667 750 concluditur,
698 669 785 733 cuins
808 669 987 734 discretioni
1010 670 1225 750 committitur,
1256 673 1292 734 ut
1318 689 1393 752 pec-

252 777 322 838 cato
345 774 511 857 superioris
533 775 678 838 libertate
701 774 885 839 dominetur.
925 774 1060 857 degener
1082 792 1156 838 uero
1178 775 1312 854 animae,
1336 775 1392 856 qui

253 897 325 942 oum
352 878 503 943 beneficio
530 879 580 944 dei
607 879 644 944 de
671 885 799 962 peccato
826 883 932 963 potest
953 879 1118 944 arietariam
1141 879 1299 960 consequi,
1322 897 1392 944 ma-

213 1010 226 1050 e
252 984 322 1048 uult
345 1001 417 1047 oum
439 983 559 1048 offensa
582 983 631 1048 dei
654 1003 763 1049 semus
788 1003 856 1050 esse
878 983 1008 1067 peccati.

296 1087 381 1168 Quae
403 1107 476 1152 cum
498 1088 542 1152 ita
565 1089 637 1169 sint,
659 1093 731 1173 post
752 1089 844 1173 primi
859 1089 995 1154 hominis
1010 1088 1308 1172 praeuaricationem
1327 1107 1391 1152 nou

253 1210 336 1256 mors
359 1191 489 1274 arbitrii,
519 1192 574 1258 sed
596 1193 774 1275 infirmitas,
798 1213 855 1258 neo
877 1191 1114 1276 inpossibilitas,
1144 1191 1198 1258 sed
1221 1191 1391 1256 difficultas

251 1297 409 1380 proposito
438 1296 543 1364 labore
574 1299 732 1364 successit.
772 1298 826 1362 sed
857 1302 889 1362 et
910 1295 991 1361 Abel
1022 1296 1135 1360 diuinis
1165 1297 1287 1380 placere
1317 1315 1391 1361 con·

252 1400 409 1484 spectione
431 1421 486 1484 per
508 1402 639 1466 insitum
663 1421 682 1466 a
703 1403 759 1468 deo
782 1403 970 1486 generaliter
989 1401 1117 1481 bonum,
1139 1401 1170 1465 id
1186 1404 1234 1464 est
1248 1419 1304 1483 per
1319 1420 1391 1484 pro-

201 1532 226 1570 ιο
252 1507 338 1590 priae
361 1507 477 1570 meruit
499 1507 670 1572 uoluntatis
691 1507 849 1572 allectum.
888 1507 940 1571 hio
955 1523 1038 1590 ergo,
1062 1506 1111 1570 cui
1126 1523 1299 1590 cognomen
1315 1506 1389 1569 iusti

252 1611 459 1676 inmaculatae
482 1611 566 1676 uitae
589 1612 738 1694 perfectio
761 1611 856 1692 dedit,
887 1629 948 1694 quo
976 1611 1136 1675 erudiente
1163 1610 1299 1674 iustitiae
1323 1629 1390 1674 sec-

252 1719 333 1780 tator
349 1717 504 1796 existeret,
528 1717 588 1780 nisi
604 1735 675 1780 eum
698 1717 746 1780 lex
770 1714 942 1780 uisceribus
965 1716 1116 1800 inscripta
1131 1715 1311 1780 docuisset?
1335 1719 1391 1779 aut

251 1820 334 1884 unde
356 1820 524 1903 placituras
544 1820 601 1884 deo
624 1820 743 1884 hostias
767 1825 799 1884 et
821 1820 1005 1904 perignem
1028 1819 1156 1884 caelitus
1180 1820 1390 1884 adsumendas

252 1923 289 1987 de
320 1923 463 2006 adipibus
487 1927 519 1988 et
540 1925 687 2006 primitiis
712 1925 823 1990 scisset
846 1925 970 2008 eligere,
1001 1925 1062 1988 nisi
1091 1923 1179 2005 fides,
1210 1942 1289 2005 quae
1317 1943 1388 1986 cum

200 2055 224 2094 n
251 2031 423 2092 amatorem
453 2028 609 2092 uirtutum
638 2029 765 2110 fecerat,
795 2030 990 2112 inspirasset,
1025 2029 1105 2092 sieut
1134 2029 1282 2112 legimus:
1314 2028 1390 2092 lide

251 2133 450 2216 plurimam
479 2132 642 2197 hostiam
672 2133 766 2198 Abel
798 2152 904 2215 quam
935 2133 1023 2198 Cain
1053 2133 1193 2198 obtulit
1222 2133 1390 2196 testimo-

251 2238 351 2301 nium
378 2235 600 2320 perhibente
624 2238 840 2302 muneribus
865 2239 943 2302 eius
967 2238 1041 2301 deo.
1080 2237 1162 2319 quod
1189 2255 1390 2320 nequaqnam

251 2341 391 2407 obtinere
421 2343 585 2424 potuisset,
616 2344 676 2408 nisi
707 2343 744 2408 ad
776 2344 892 2407 domini
923 2343 1037 2407 donum
1068 2342 1178 2406 famuli
1205 2342 1390 2406 accessisset

223 2481 224 2484 π
251 2445 446 2527 obsequium.
471 2450 503 2511 et
524 2451 559 2512 tu
583 2447 659 2512 nihil
683 2467 755 2511 eum
777 2447 969 2512 ordinatione
989 2447 1038 2510 dei
1053 2445 1168 2510 habere
1182 2446 1303 2510 iudicas
1319 2464 1391 2529 pro·

199 2577 224 2616 eo
250 2551 363 2632 prium,
379 2551 466 2614 cuius
483 2551 639 2616 deuotioni
654 2553 729 2616 deus
744 2552 887 2634 perhibet
902 2552 1137 2618 testimonium?
1164 2551 1251 2614 uides
1270 2551 1391 2616 bonnm

251 2655 441 2719 credulitatis
465 2674 526 2720 non
550 2657 709 2720 nouellum
738 2676 806 2721 esse
828 2657 1040 2739 priuilegium,
1068 2656 1123 2720 sed
1150 2659 1326 2736 uetustum,
1360 2661 1391 2719 et

250 2759 331 2822 inter
356 2760 425 2841 ipsa
451 2761 558 2825 muudi
589 2761 791 2825 coalescentis
822 2761 945 2826 exordia
973 2765 1113 2824 mentem
1142 2761 1276 2826 hominis
1307 2761 1391 2825 siout

250 2863 410 2927 intellectu
437 2867 529 2946 atque
551 2865 671 2930 ratione
700 2866 744 2929 ita
767 2866 859 2930 etiam
884 2865 943 2929 fide
967 2883 986 2928 a
1008 2884 1131 2930 summo
1154 2869 1280 2930 auctore
1302 2865 1392 2929 dota-

252 2970 338 3030 tam?
372 2968 477 3049 itaque
497 2969 560 3032 iam
579 2973 648 3034 tum
670 2970 755 3034 dedit
778 2971 900 3034 animae
922 2969 1064 3036 notitiam
1087 2987 1188 3050 suam,
1213 2969 1338 3052 quando
1363 2971 1392 3034 ei

199 3099 224 3138 ss
251 3071 447 3137 committere
470 3072 616 3156 dignatus
640 3077 687 3138 est
709 3075 878 3158 imaginem
902 3092 1000 3138 snam.

767 3335 870 3398 VIIII.

250 3475 294 3516 AD
316 3474 406 3517 cums
427 3475 583 3518 lundunam
603 3479 643 3518 ΕΤ
664 3477 902 3522 srulnluunlnnu
922 3477 1036 3520 Fuluus
1057 3478 1143 3520 HOMO
1160 3478 1209 3520 sm*
1224 3479 1390 3522 consumta.

294 3591 353 3658 Sed
376 3593 467 3657 dieis:
493 3595 565 3676 quid
588 3595 663 3682 mihi
687 3595 726 3660 ad
748 3595 925 3660 libertatem
950 3595 1067 3660 arbitrii
1088 3597 1192 3680 iungis
1216 3596 1390 3680 imaginem

250 3697 309 3780 dei,
333 3717 404 3762 cum
428 3697 481 3764 illc
505 3700 634 3764 eximius
657 3700 795 3766 conditor
814 3701 938 3766 futurus
959 3702 1110 3766 secuturis
1134 3702 1266 3766 saeculis
1288 3705 1319 3764 et
1341 3722 1392 3767 rc·

355 3887 399 3956 15]
417 3887 498 3943 neor.
520 3891 559 3955 11,
572 3891 597 3944 4.

294 4053 444 4124 lapetitus
463 4055 490 4108 P
558 4053 802 4110 2diseretione1'
870 4057 1079 4126 3supcrioreo
1148 4055 1349 4138 dbeneficinm·
1366 4062 1393 4115 P

251 4171 283 4223 lo
301 4167 344 4220 oui
361 4183 496 4238 suprascr.
510 4168 546 4222 P¹
602 4169 633 4223 13
651 4165 861 4224 absumendesu
916 4172 947 4225 14
966 4169 1060 4223 sciscat
1076 4171 1104 4224 P
1154 4171 1188 4225 20
1207 4139 1352 4226 deuotione
1367 4176 1394 4229 P

250 4253 314 4307 deus
331 4255 439 4324 scripsi,
462 4253 504 4308 dei
527 4255 554 4309 P
605 4257 638 4309 22
662 4253 827 4310 ooaliscentis
850 4257 877 4310 P
927 4260 962 4312 23
984 4257 1084 4326 adquae
1103 4258 1131 4312 P
1182 4259 1216 4314 al
1237 4258 1347 4325 itaquae
1366 4263 1394 4316 P

249 4343 283 4396 25
309 4341 465 4394 conmittere
483 4341 510 4396 P
561 4344 595 4398 29
613 4349 751 4396 secuturus
770 4343 797 4398 P
