2944 4936
372 454 489 509 Fausti
508 457 654 526 episcopi
674 456 710 512 de
729 459 856 512 ratione
875 459 963 513 fidei.
1169 461 1232 525 457

83 637 118 692 et
135 632 212 692 siout
231 651 248 692 a
266 637 358 709 petre,
382 635 423 693 its
442 635 527 694 etiem
548 653 565 693 11
583 635 686 710 spiritu
707 639 807 698 saneto
827 639 861 696 ed
882 638 1103 712 redemptionem
1119 641 1234 700 nostres

93 738 225 799 malitiae
247 740 409 799 destinatus
432 742 477 798 est
499 741 560 815 ipso
583 743 616 800 de
639 758 670 800 se
692 759 743 816 per
762 741 876 801 Esaiam
899 743 1045 817 loquente:
1068 743 1164 804 misit
1186 762 1234 804 me

85 847 192 918 pater
207 847 241 903 et
256 844 406 919 spiritus
422 845 506 905 eine.
845 851 847 856 ’

133 949 165 1008 Si
185 949 304 1024 spiritns
321 953 439 1009 sanctus
459 950 552 1010 minor
572 951 705 1022 ereditur,
729 953 865 1026 quomodo
885 969 916 1012 se
931 951 1007 1012 filius
1023 953 1098 1012 siout
1112 971 1129 1012 a
1143 957 1234 1029 patre,

86 1055 134 1113 ite
150 1054 236 1114 etiem
252 1073 269 1114 1
284 1058 383 1116 saneto
399 1056 503 1132 spiritu
519 1055 638 1116 missum
655 1059 877 1117 essetestatu1·?
905 1058 1024 1132 spiritus
1040 1061 1158 1118 sanctus
1174 1059 1235 1135 ipso
1275 1083 1287 1122 s

85 1161 205 1219 loeutus
225 1160 316 1219 estin
332 1161 479 1235 apostolis,
502 1162 564 1237 ipse
580 1163 712 1222 efferbuit
727 1163 757 1222 in
774 1163 919 1238 prophetis
940 1163 1051 1223 dicente
1070 1167 1152 1224 beato
1167 1182 1235 1241 epo·

86 1263 167 1326 stilo
183 1268 268 1326 Petro
284 1267 315 1326 in
331 1267 456 1341 epistule
470 1285 536 1327 sue:
560 1285 641 1339 non,
666 1268 769 1342 inquit,
794 1285 831 1327 ex
846 1268 1044 1328 hominibus
1060 1270 1168 1329 allate
1183 1273 1237 1330 est

84 1371 289 1446 prophetie,
313 1373 370 1430 sed
394 1372 524 1447 spiritu
548 1375 669 1431 sancto
692 1372 862 1448 inspirati
885 1373 993 1433 locuti
1014 1378 1098 1433 sunt
1117 1375 1235 1434 seneli

84 1476 142 1535 dei
160 1476 323 1536 homines.
352 1480 380 1536 et
395 1478 522 1554 saluator
537 1478 568 1537 in
580 1479 724 1538 Mattheeo
740 1478 781 1536 ite
793 1478 834 1536 eit
845 1479 879 1537 ed
892 1479 1046 1553 discipulos
1058 1497 1139 1538 suos:
1156 1497 1235 1552 non,

89 1580 202 1655 inquit,
219 1600 278 1642 uos
291 1582 392 1654 ostie,
409 1583 465 1658 qui
479 1583 674 1657 loquimini,
691 1585 748 1642 sed
760 1583 909 1658 spiritus
921 1565 1074 1643 sanetus
1103 1584 1237 1644 similiter
1263 1607 1288 1646 10

85 1689 119 1744 et
139 1687 233 1745 Dauid
248 1687 352 1762 plenus
368 1687 471 1762 spiritu
488 1691 587 1748 saneto
603 1690 641 1760 et,
665 1688 714 1762 qni
734 1705 785 1764 per
804 1689 1059 1763 eumloquebetu1·,
1082 1688 1237 1748 manifeste
1271 1729 1275 1738 ·

91 1808 165 1850 uoce
184 1791 353 1866 pronuntiet
373 1792 483 1851 dicens:
507 1793 654 1865 audiam,
678 1793 757 1868 quid
778 1794 938 1866 loquatur
957 1793 991 1852 in
1011 1811 1060 1852 me
1080 1794 1236 1853 dominus

88 1898 186 1956 111111.
218 1898 330 1971 quando
343 1913 409 1972 ergo
427 1915 496 1956 uase
511 1898 556 1956 dei
575 1900 674 1959 sencio
695 1898 797 1972 spiritu
814 1897 892 1956 ebrie
907 1897 1062 1972 loquuntur
1077 1901 1106 1956 et
1121 1898 1234 1958 dicunt:

85 2003 176 2060 haee
195 2001 280 2060 dioit
299 2001 453 2061 dominns
473 2004 554 2061 deus
578 2002 636 2062 uel:
661 2004 742 2062 deus
766 2005 902 2062 deorum
922 2003 1077 2062 dominus
1098 2003 1234 2062 loeutus

83 2109 160 2175 est,
176 2105 252 2164 hunc
267 2105 411 2164 dominnm
428 2108 510 2165 deum
526 2107 658 2181 spiritum
676 2110 808 2166 sanctum
823 2105 1009 2166 menifestum
1024 2110 1078 2167 est.
1263 2129 1287 2168 11

134 2209 174 2267 Et
195 2211 230 2268 ad
250 2211 411 2271 Corinthios
435 2213 516 2270 deum
540 2229 603 2270 esse
627 2211 759 2285 spiritum
780 2214 911 2270 sanetum
932 2211 1079 2270 euidenter
1099 2211 1234 2284 ostendit,

84 2317 159 2373 dum
175 2315 257 2374 dicit:
281 2331 341 2374 uos
362 2316 449 2375 estis
469 2316 629 2392 templum
650 2316 710 2375 dei.
743 2316 854 2390 etquis
875 2317 952 2374 esset
971 2315 1111 2386 1111111111,
1136 2333 1235 2376 eonse-

85 2421 216 2494 quenter
238 2421 349 2480 edocuit
368 2421 408 2479 ita
428 2421 539 2480 dicens:
564 2421 727 2496 spiritus,
751 2421 856 2494 inquit,
880 2423 1023 2479 sanetus
1044 2421 1236 2481 habitatin

86 2524 202 2582 nobie.
229 2526 298 2583 deus
314 2542 380 2600 ergo
396 2525 494 2600 templi
510 2528 539 2584 et
554 2525 673 2600 spiritus
690 2529 808 2584 sanetus
823 2526 966 2584 habitator
981 2526 1080 2601 templi
1097 2543 1155 2584 une
1169 2543 1235 2601 per·

84 2647 164 2689 sona
179 2631 232 2689 est.
261 2632 289 2688 et
304 2630 335 2688 in
351 2631 461 2689 estibus
478 2631 666 2706 apostolorum
679 2631 784 2689 Petrus
796 2619 943 2690 euidenter
958 2631 992 2689 de
1006 2630 1101 2689 saneti
1116 2630 1236 2704 spiritus
1263 2655 1289 2693 eo

84 2735 198 2794 deitate
218 2735 259 2794 ite
278 2737 313 2794 ed
328 2735 472 2796 Ananiam
492 2736 574 2795 dicit:
598 2736 674 2810 quis
694 2739 727 2795 te
745 2736 887 2796 mentiri
906 2735 1071 2811 compulit
1092 2735 1236 2811 spiritui
1308 2741 1311 2746 '

198 2922 227 2992 2]
247 2923 399 2986 Ε1.48,16.
454 2923 482 2992 7]
501 2926 518 2980 2
534 2923 606 2977 Petr.
622 2925 644 2986 1,
657 2927 698 2979 21.
755 2923 781 2993 9]
801 2923 897 2977 Metth.
913 2925 953 2988 10,
965 2924 1008 2978 20.
1072 2921 1116 2991 12]
1135 2921 1235 2976 Ρ1111111.

85 3012 171 3074 819.
228 3009 272 3080 11]
292 3013 304 3065 1
326 3009 384 3067 cor.
398 3012 423 3076 3,
437 3013 477 3066 16.
533 3011 577 3080 18]
596 3009 660 3065 ibid.
714 3011 760 3079 21]
779 3009 838 3064 Act.
853 3013 877 3074 5,
891 3011 914 3065 3.
927 3012 951 3064 4.

135 3205 154 3257 5
173 3201 267 3270 spiritu
287 3205 378 3255 saneto
397 3203 468 3273 Aoy.
522 3205 538 3257 7
557 3205 590 3272 of.
606 3203 688 3256 Pitra
700 3220 730 3272 p.
744 3207 809 3256 151:
827 3201 923 3255 Petrus
936 3200 1070 3270 apostolus
1084 3201 1111 3254 in
1125 3201 1238 3270 epistole

86 3304 155 3341 sna:
178 3303 239 3356 non,
263 3289 359 3356 inquit,
382 3305 411 3342 ex
434 3289 541 3342 homine
565 3288 654 3343 adleta
672 3293 713 3343 est
731 3289 878 3358 prophetis,
903 3288 949 3342 sed
971 3287 1067 3357 spiritu
1086 3293 1177 3342 saneto
1196 3288 1237 3342 in·

89 3375 187 3443 spineti
207 3373 288 3428 locuti
301 3378 364 3429 sunt
377 3376 462 3442 sancti
476 3375 518 3429 dei
530 3375 660 3430 homines.
685 3375 775 3429 Dauid
788 3391 891 3444 quoque
905 3375 1000 3444 spiritu
1014 3378 1106 3428 saneto
1120 3373 1237 3444 repletus

87 3470 117 3516 et
143 3461 231 3529 gretie
252 3461 333 3516 huius
356 3462 466 3516 uirtutis
489 3462 597 3516 efflatus
620 3463 658 3516 ite
681 3463 759 3516 dioit:
783 3462 898 3526 audiam,
921 3461 986 3530 quid
1011 3461 1130 3530 loquitur
1147 3462 1176 3515 in
1195 3479 1237 3515 me

89 3549 218 3602 dominns
237 3565 319 3603 meus.
351 3549 429 3603 deum
449 3549 482 3604 de
501 3567 527 3603 se
547 3549 620 3618 loqui
639 3555 730 3604 saneto
749 3549 932 3604 inflammatus
950 3548 1046 3618 spiritu
1065 3551 1236 3619 protestetur.

89 3643 117 3690 et
139 3635 257 3690 eeluetor
275 3636 303 3690 in
321 3637 457 3690 Mattheeo
476 3637 509 3690 sd
529 3636 673 3707 discipulos
692 3653 753 3690 suos
772 3637 850 3690 dixit:
873 3652 926 3690 non
945 3637 1016 3689 enim
1035 3651 1083 3689 uos
1101 3636 1172 3699 estis,
1192 3635 1236 3704 qui

88 3721 243 3791 loquimini,
263 3723 309 3777 sed
328 3724 437 3794 spiritus
455 3727 571 3788 sanetus,
590 3725 636 3793 qui
648 3724 773 3792 loquetur
785 3725 812 3777 in
826 3723 910 3778 nobis.
941 3725 968 3777 et
980 3727 1120 3792 propterea
1132 3721 1237 3791 quando

89 3811 130 3880 pii
150 3814 226 3864 uetes
244 3809 393 3865 exundante
412 3811 440 3865 in
459 3829 485 3866 se
504 3812 599 3881 spiritu
619 3815 710 3866 saneto
729 3811 756 3865 in
776 3811 829 3865 alto
848 3811 945 3864 mentis
965 3811 1111 3866 efferuntur
1130 3825 1236 3863 excessu

89 3900 131 3952 ite
152 3897 282 3952 dieentes:
301 3898 365 3952 hoec
385 3898 451 3953 dicit
470 3898 594 3952 dominus
613 3898 685 3963 deus,
705 3898 760 3952 uel:
780 3898 844 3952 deus
863 3897 972 3974 deorum
992 3897 1057 3951 deus
1069 3896 1174 3950 locutus
1187 3901 1237 3960 est,

88 3995 118 4039 et
137 3985 234 4038 luorum
254 3985 359 4050 similia,
379 3986 412 4040 sd
431 3986 516 4040 seneti
530 3985 640 4055 spiritus
653 3986 819 4040 maiestatem
833 3985 986 4038 nouerimus
998 4000 1054 4037 esse
1067 3983 1236 4038 referendum

91 4076 122 4128 11
145 4072 236 4140 etqui
256 4089 301 4142 per
319 4089 380 4126 eum
399 4071 569 4142 loquebatur]
589 4073 648 4140 quis
666 4089 713 4142 per
731 4089 792 4127 eum
805 4072 957 4140 loqueretur
969 4073 1039 4140 11119.
1096 4071 1128 4125 13
1141 4069 1237 4140 spiritu

90 4165 185 4213 sancto
204 4160 231 4213 P
302 4163 333 4216 16
352 4162 386 4228 ef.
404 4161 486 4215 Pitra
506 4164 617 4230 p.151:
639 4159 752 4228 apostoli
774 4159 801 4212 iu
820 4159 908 4227 prims
927 4157 959 4212 sd
979 4157 1131 4212 Corinthios
1150 4173 1237 4210 sermo

88 4254 146 4301 est:
171 4262 219 4300 nos
242 4247 305 4300 estis
329 4246 459 4316 templum
483 4247 533 4310 dei,
556 4247 660 4314 etquis
684 4247 727 4299 hio
750 4245 814 4299 deus
837 4248 914 4312 esset,
938 4245 1059 4314 exposuit
1081 4244 1183 4297 dicens:
1211 4251 1238 4296 et

88 4333 203 4405 spiritus
223 4332 264 4386 dei
284 4331 387 4386 habitat
406 4334 434 4386 in
453 4332 536 4387 uobis
568 4333 656 4402 itaque
676 4331 740 4386 deus
759 4331 851 4401 templi
871 4331 959 4400 etqui
978 4329 1083 4384 habitet
1095 4329 1123 4384 in
1136 4329 1236 4399 templo

89 4439 146 4476 une
163 4435 278 4491 persona
295 4425 336 4474 est
771 4455 772 4458 ¹
