2920 4930
242 362 285 426 72
703 359 725 412 1.
743 357 789 412 De
806 359 915 428 gratia

243 535 403 620 probatur,
436 537 467 600 in
497 535 616 600 iuniore
646 534 724 598 tides
754 535 881 618 gentilis
912 535 1045 618 eligitur.
1084 535 1189 617 itaque
1218 535 1287 618 ipse
1318 535 1377 599 sibi

243 642 368 705 obducit
394 640 588 724 ignorantiae
619 639 764 718 nebulas,
794 639 847 721 qui
877 658 940 703 non
970 643 1035 704 tam
1065 639 1227 721 scripturis
1258 641 1375 704 sanctis

243 746 368 828 sequaci
399 763 493 808 sensu
524 763 558 807 se
588 743 818 824 accommodat,
854 762 949 826 quam
984 745 1151 826 scripturas
1182 747 1308 809 sanctas
1339 745 1376 808 ad

242 850 436 914 intellectum
460 867 553 912 sunm
580 847 732 912 uiolenter
758 847 922 912 adtrahere
949 852 981 914 et
1006 849 1242 931 praesumptius
1268 849 1377 913 nititur

204 983 217 1022 ⁵
244 955 399 1039 applicare
427 957 459 1018 et
485 953 515 1016 id
542 953 603 1018 sibi
628 971 684 1044 pro
707 957 800 1035 captu
823 972 879 1018 suo
902 953 1019 1018 omissa
1047 952 1301 1035 praecedentium
1327 954 1377 1018 uel

243 1059 440 1140 sequentium
469 1059 588 1122 ratione
617 1057 794 1141 persuadet,
828 1057 910 1121 unde
943 1058 1067 1140 penitus
1100 1057 1186 1138 loqui
1219 1058 1376 1140 apostolus

243 1181 305 1228 uon
328 1163 472 1227 instituit.
510 1162 591 1245 quod
611 1163 638 1226 si
658 1163 697 1226 ad
716 1163 842 1246 capituli
863 1163 972 1245 ipsine,
995 1163 1116 1244 dequo
1139 1161 1251 1246 agitur,
1274 1179 1377 1226 recur-

242 1286 294 1332 ras
317 1267 487 1347 exordium,
514 1284 606 1330 omne
633 1266 751 1348 absque
778 1267 843 1330 nlla
868 1265 1053 1331 difficultate
1080 1265 1250 1330 declinabis
1278 1266 1377 1330 ambi·

243 1390 350 1456 guum.
401 1371 427 1435 si
466 1371 616 1454 magister
652 1372 796 1454 gentium
834 1371 872 1435 de
905 1371 1013 1454 genesi
1046 1371 1210 1435 hominnm
1243 1374 1376 1435 tractare

193 1503 217 1543 ιο
243 1476 398 1558 coepisset
424 1479 456 1539 et
482 1475 597 1540 diceret
622 1475 740 1539 homini
768 1476 862 1539 totins
885 1476 968 1540 uitae
991 1493 1118 1540 cursum
1143 1475 1263 1559 origine
1289 1494 1377 1558 prae-

243 1579 368 1644 finitum
398 1583 429 1644 et
459 1580 559 1663 magis
589 1580 768 1643 necessitati
799 1579 969 1660 subditum,
999 1597 1095 1660 quam
1123 1577 1220 1644 libero
1250 1577 1376 1644 arbitrio

243 1685 339 1749 fuisso
370 1684 572 1748 commissum
604 1701 650 1764 eo,
681 1684 761 1766 quod
792 1683 937 1748 dominus
964 1685 1104 1748 omnium
1130 1701 1186 1766 pro
1212 1685 1375 1766 potestatis

243 1793 321 1853 nutu
359 1789 556 1870 uiolentoque
594 1788 717 1852 decreto
756 1789 832 1852 alios
866 1789 1056 1870 relinqueret
1090 1789 1129 1852 ad
1162 1788 1376 1871 perditionem,

243 1895 319 1958 alios
343 1894 469 1977 eligeret
491 1893 530 1957 ad
552 1894 698 1974 salutem,
722 1895 797 1956 tunc
820 1893 951 1957 forsitan
971 1893 1058 1956 uelut
1076 1912 1131 1975 per
1150 1893 1249 1957 lineas
1269 1893 1376 1958 decur-

192 2023 216 2064 11
242 2001 347 2062 rentes
377 1998 512 2062 colorem
543 1997 627 2062 hunc
657 1998 762 2079 iniqua
791 1997 951 2080 persuasio
983 2001 1090 2080 posset
1119 2015 1266 2060 asserere.
1305 2016 1375 2060 curu

241 2120 315 2167 uero
343 2102 502 2186 apostolus
524 2103 745 2184 promissiones
769 2102 818 2165 dei
841 2105 872 2164 et
893 2101 1089 2166 uocationem
1116 2102 1256 2184 gentium
1283 2102 1375 2166 altius

241 2207 381 2290 repetitis
411 2210 495 2270 terat
525 2207 674 2289 exemplis
706 2211 738 2270 et
764 2207 950 2270 Indaeorum
979 2206 1264 2288 praesumptionem
1293 2207 1376 2270 omni

241 2311 333 2376 modo
363 2311 556 2394 conprimere
586 2311 720 2390 studeat,
751 2311 803 2392 qui
832 2309 960 2393 inprobe
988 2310 1026 2373 de
1052 2311 1128 2393 legis
1156 2310 1302 2393 operibus
1329 2312 1375 2375 iu·

241 2415 471 2495 tumescebant,
501 2434 563 2479 non
586 2416 617 2478 in
641 2416 759 2499 origine
782 2415 938 2480 seniorum
961 2414 1117 2478 ismahele
1139 2415 1190 2478 uel
1213 2414 1296 2479 Esau
1324 2416 1375 2480 de-

189 2545 215 2586 ao
241 2525 362 2584 cretum
392 2520 486 2584 fatale
517 2520 690 2600 constituit,
721 2520 776 2584 sed
805 2521 837 2584 iu
866 2519 1079 2585 benedictione
1106 2519 1194 2582 Isaac
1225 2523 1257 2584 et
1283 2520 1374 2585 Iacob

241 2625 424 2689 electionem
445 2625 551 2706 populi
571 2625 701 2688 iunioris
717 2624 853 2688 ostendit
868 2628 901 2688 et
915 2629 1079 2707 propterea
1094 2623 1245 2688 minorem
1267 2625 1375 2690 maiori

241 2747 304 2793 non
326 2729 412 2792 uelut
435 2727 517 2812 <pro>
538 2729 679 2810 potentia
701 2729 760 2809 dei,
785 2730 839 2792 sed
855 2747 910 2812 pro
926 2729 1045 2792 iustitia
1060 2729 1215 2810 praetulit.
1249 2729 1375 2812 perinde

241 2834 324 2898 enim
346 2833 541 2916 impietatem
562 2833 749 2897 Iudaeorum
772 2835 853 2896 sicut
876 2833 1101 2896 oboedientiam
1124 2833 1266 2916 gentium
1288 2853 1376 2917 prac-

241 2937 377 3001 nidebat.
416 2938 488 3019 quia
503 2955 576 3020 ergo
597 2937 682 3002 dicit:
707 2956 788 3001 cum
805 2938 901 3001 enim
918 2937 1076 3000 nondum
1100 2937 1269 3020 egissent
1291 2937 1375 3002 boni

189 3065 214 3106 11
242 3041 385 3124 aliquid
420 3045 482 3105 aut
515 3041 617 3121 mali,
652 3060 723 3106 nou
757 3061 797 3104 ex
827 3040 1018 3124 operibns,
1052 3041 1114 3104 sed
1149 3061 1189 3105 er
1219 3046 1376 3106 uocante

241 3146 380 3210 dictum
403 3149 473 3226 est,
504 3145 589 3227 quia
612 3145 727 3209 maior
750 3148 891 3210 seruiet
914 3145 1061 3225 minori,
1092 3164 1127 3208 er
1155 3149 1287 3210 nocente
1310 3148 1375 3228 qui·

241 3249 312 3314 dem
340 3250 456 3313 dictum
483 3254 540 3329 est,
572 3267 634 3314 non
662 3252 767 3313 tamen
796 3250 834 3314 ad
857 3249 1075 3331 conpellendos
1098 3249 1149 3314 uel
1171 3251 1375 3333 repellendos,

241 3353 296 3418 sed
326 3354 365 3418 ad
393 3353 562 3417 credituros
591 3357 622 3416 et
649 3371 711 3417 non
739 3354 908 3418 credituros
936 3354 1053 3417 dictum
1082 3371 1150 3416 esse
1173 3354 1375 3418 manifestum

242 3461 299 3538 eet,
327 3461 362 3522 ut
385 3458 491 3522 diuina
513 3457 572 3522 sibi
595 3461 757 3522 constante
781 3457 902 3522 iustitia
924 3457 963 3521 ad
985 3456 1119 3521 hominis
1146 3458 1301 3538 pertineat
1323 3477 1376 3522 uo·

189 3563 395 3628 uoluntatem
429 3563 479 3626 uel
513 3581 665 3626 rennuere
699 3563 748 3626 uel
782 3561 948 3626 obseruare
981 3564 1156 3644 praecepta.
1199 3581 1271 3626 cum
1305 3581 1375 3646 ergo

240 3667 343 3732 audis:
367 3667 430 3730 sed
452 3685 492 3730 er
508 3669 666 3731 uocante
683 3666 822 3730 dietum
839 3670 911 3747 est,
931 3666 1117 3730 inuitamtem
1133 3665 1290 3749 intellege,
1314 3684 1374 3730 non

285 3820 430 3889 lelegitur
449 3821 476 3875 P
527 3820 632 3888 itaquae
650 3821 678 3874 P
729 3820 885 3890 dpaenitus
904 3820 932 3874 P
983 3819 1131 3888 8absquac
1151 3820 1178 3875 P
1229 3785 1338 3874 doclibis
1351 3821 1378 3875 P

240 3935 286 4000 (na
302 3951 437 4003 1111111111,
456 3951 528 3988 mara.
547 3933 606 3999 alt.)
672 3936 705 3987 12
723 3932 884 3986 conmissum
903 3933 930 3986 P
998 3893 1107 4000 potestis
1126 3932 1153 3986 P
1169 3933 1210 3998 (ta
1227 3951 1298 3988 1111111.
1318 3933 1376 3999 ult.)

242 4022 273 4076 13
300 4019 469 4087 uiolentoque
491 4019 603 4090 scripsi,
630 4018 747 4072 uiolento
770 4035 820 4088 quo
843 4020 872 4073 P
941 4021 972 4074 14
997 4018 1118 4072 forsitam
1136 4019 1164 4073 P
1233 4022 1264 4076 15
1289 4021 1377 4086 posset

239 4108 344 4177 scripsi,
367 4106 451 4175 possit
473 4107 501 4160 P
569 4121 697 4159 asserrere
721 4107 749 4160 P
818 4109 850 4162 18
871 4105 1079 4160 intumiscebant
1101 4107 1129 4160 P
1197 4109 1228 4162 21
1253 4105 1375 4173 iunioris]

240 4219 384 4274 minorisa
436 4221 469 4274 22
487 4236 534 4290 pro
553 4219 659 4284 addidi,
678 4237 728 4276 om.
743 4221 770 4274 P
821 4219 927 4274 iusticia
946 4221 973 4274 P
1023 4218 1136 4288 protulit
1155 4219 1181 4272 P
1232 4221 1265 4273 30
1284 4185 1332 4286 dgo
1351 4219 1378 4273 P

239 4309 270 4364 31
291 4306 367 4361 andis
385 4307 431 4362 sed
449 4309 555 4378 scripsi,
574 4307 692 4362 audisset
710 4308 744 4376 P,
763 4307 839 4362 audis
857 4326 873 4363 v
