2920 4930
551 408 648 464 Liber
665 408 694 464 Π
715 412 736 466 1.
1168 406 1211 472 59

82 585 156 650 uitus
179 604 199 650 a
221 585 347 651 domino
366 585 461 650 inerit
479 585 654 650 induratus.
692 585 719 650 si
737 585 857 663 uolens,
879 585 939 667 ipsi
958 583 1065 666 utiquo
1085 584 1210 667 culpam

82 689 285 756 obdurationis
313 690 470 774 adsignas,
498 690 525 754 si
552 708 626 754 uero
653 689 780 770 inoritus,
810 689 1008 772 iniquitatem
1036 689 1085 753 dei
1112 687 1211 754 obdu·

82 796 170 860 rantis
191 812 330 860 accusas.
370 813 448 877 quae
469 795 552 860 enim
572 795 692 859 iustitia
714 798 790 876 erat,
813 795 849 875 si,
873 813 967 876 quem
989 793 1055 877 ipse
1078 793 1210 858 obdura-

82 903 170 980 norat,
195 900 262 984 ipse
282 899 429 982 puniret?
464 917 535 964 cum
556 917 630 964 uero
653 899 797 964 dominus
821 899 888 982 ipse
911 899 950 963 ad
972 916 1044 962 eum
1066 899 1210 980 loquatur

82 1009 107 1067 ot
137 1004 233 1068 dicat:
268 1021 331 1068 cur
364 1021 435 1068 non
469 1004 527 1068 uis
562 1003 753 1068 dimittere
787 1004 962 1086 populum
994 1020 1114 1068 meum
1151 1003 1210 1066 uel
1250 1027 1263 1067 ι

83 1125 268 1190 usquequo
289 1125 360 1172 non
380 1107 437 1172 uis
458 1107 578 1172 subici
595 1107 706 1172 mihi?
731 1125 801 1172 ecce
820 1106 875 1171 nbi
892 1107 1006 1172 diuinis
1022 1107 1210 1172 testimoniis

81 1211 203 1278 liberam
218 1211 316 1276 brisso
332 1213 364 1276 in
379 1211 543 1278 Pharaone
558 1212 759 1296 agnoscimus
774 1213 979 1276 uoluntatem.
1014 1211 1073 1276 hac
1092 1212 1211 1275 ratione

82 1315 281 1396 Pharaonem,
305 1316 381 1380 dicit
399 1316 554 1396 dominus,
574 1316 743 1397 obdurabo,
765 1316 840 1380 dum
860 1335 932 1380 eum
953 1315 1031 1380 mihi
1051 1316 1212 1380 indecem

82 1419 185 1504 plagis,
215 1438 294 1502 quas
325 1437 344 1484 a
372 1419 481 1504 Moyse
512 1425 655 1486 exoratus
687 1438 843 1502 remoneo,
874 1420 1024 1485 insultare
1053 1419 1211 1504 permitto.

83 1541 154 1606 ego,
176 1525 290 1606 inquit,
313 1523 503 1588 obdurabo
526 1542 586 1590 cor
608 1523 825 1589 Pharaonis,
864 1526 908 1588 sic
934 1524 1093 1588 interdum
1120 1524 1212 1588 tami-
1239 1550 1265 1590 ro

82 1627 191 1694 liariter
218 1629 315 1693 etiam
342 1628 424 1712 apud
450 1629 594 1693 homines
620 1647 720 1713 genus
747 1629 840 1694 huius
868 1628 1050 1694 elocutionis
1074 1628 1212 1694 adsumi-

83 1751 156 1812 mus,
179 1733 225 1796 sic
244 1731 401 1798 interdum
421 1732 656 1798 contumacibus
677 1733 803 1797 famulis
825 1732 1045 1816 exprobramus
1065 1750 1213 1797 mansne·

82 1837 215 1902 tudinem
231 1840 371 1900 nostram
386 1837 431 1901 ita
450 1837 603 1902 dicentes:
628 1855 684 1922 ego
703 1837 854 1920 patientia
874 1855 944 1902 mea
963 1837 1135 1921 pessimum
1153 1834 1213 1920 (te)

82 1939 143 2022 teci,
166 1960 223 2026 ego
246 1941 429 2006 remissione
452 1959 524 2006 mea
546 1941 700 2006 malitiam
720 1945 808 2006 tuam
828 1941 1068 2024 superbiamque
1084 1941 1211 2020 nutrici,

82 2064 134 2128 ogo
154 2051 185 2111 ta
208 2049 426 2111 contumacem
441 2046 637 2130 indulgentia
651 2064 722 2111 mea
735 2046 864 2126 reddidi,
888 2063 945 2130 ego
964 2045 1211 2110 dissimulatione
1239 2071 1264 2112 re

83 2167 148 2214 moa
174 2168 236 2220 oor¹
253 2153 354 2230 tuum,
385 2153 420 2214 ut
446 2155 555 2215 contro
581 2169 632 2214 me
659 2150 873 2232 obduraretur,
901 2150 1048 2216 animani.
1093 2153 1125 2214 et
1153 2151 1212 2215 hoc

83 2253 177 2334 modo,
192 2253 275 2337 quod
291 2253 324 2319 in
339 2253 479 2319 bonitate
495 2254 612 2320 domini
627 2255 753 2320 uirtutis
773 2258 821 2320 est
835 2255 1060 2336 testimonium,
1079 2255 1112 2320 in
1128 2254 1212 2320 serui

82 2357 262 2441 inprobitate
285 2357 321 2423 fit
343 2358 465 2424 uitium.

120 2461 174 2527 Ait
195 2465 303 2528 autem
327 2480 430 2528 sermo
457 2463 597 2528 diuinus:
627 2464 834 2546 nidonsque
857 2464 1001 2530 Pharao
1032 2483 1086 2546 eo,
1116 2464 1212 2546 quod

82 2565 162 2632 data
180 2571 282 2632 esset
300 2567 467 2649 requies,
487 2568 709 2652 ingrauauit
728 2587 788 2634 cor
804 2587 920 2634 suom.
957 2569 1211 2634 manifestissime
1238 2594 1264 2635 ro

82 2669 136 2734 hoo
162 2672 229 2736 loco
256 2671 376 2737 indulta
397 2671 521 2754 requies
544 2691 596 2738 cor
618 2673 790 2740 Pharaonis
817 2673 979 2740 indurasse
1001 2672 1210 2756 perscribitur.

83 2773 136 2838 hoc
157 2777 250 2856 enim,
279 2776 360 2858 quod
383 2776 472 2841 dicit:
503 2775 705 2842 obdurauit
726 2796 787 2843 cor
810 2795 930 2860 suum,
961 2795 1023 2843 non
1050 2779 1212 2862 passiunm

83 2880 206 2946 corbum
229 2884 288 2962 est,
311 2881 366 2946 sed
389 2881 537 2946 actiunm.
576 2882 625 2946 uis
648 2883 738 2962 scire,
766 2883 840 2965 quia
866 2883 972 2948 diuina
999 2881 1211 2948 moderatione

83 2981 118 3045 ob
144 3002 269 3052 oausam
296 2985 460 3051 induratae
488 2986 604 3052 mentis
631 2990 797 3070 oporatur?
834 2987 917 3052 idem
944 2988 1011 3071 ipse
1034 2987 1157 3052 Pharao
1179 2988 1210 3052 in

84 3085 182 3154 decom
207 3090 309 3174 plagis
336 3090 456 3174 positus
478 3108 550 3156 oum
577 3094 800 3174 percuteretur,
828 3091 1040 3176 mitigabatur,
1067 3109 1139 3156 cum
1166 3092 1212 3156 la·
1238 3119 1265 3160 aa

83 3197 213 3274 raretnr,
240 3193 475 3278 ingranahatur.
522 3213 558 3259 ac
585 3195 630 3260 sio
656 3195 789 3279 impium
816 3195 922 3260 diuina
946 3195 1096 3262 sonoritas
1124 3195 1212 3261 incli-

85 3294 181 3378 nabat,
203 3297 328 3364 bonitas
352 3297 535 3380 obdurabat,
559 3302 599 3380 et,
624 3303 660 3364 ut
682 3319 716 3365 se
740 3318 809 3364 esse
831 3299 920 3365 libori
943 3299 1061 3366 arbitrii
1084 3300 1212 3366 damon-

84 3403 196 3484 straret,
217 3403 391 3487 castigante
411 3402 468 3468 deo
488 3403 639 3487 populum
659 3403 847 3485 dimittebat,
866 3407 1013 3488 parcente
1032 3403 1210 3470 reuocabat.

84 3507 223 3590 perspice,
247 3507 402 3590 quomodo
424 3505 575 3572 rebellem
598 3508 745 3592 spiritum
766 3509 911 3574 caelestis
933 3509 1045 3576 lenitas
1069 3509 1209 3574 obdurat.

179 3677 206 3748 5]
224 3677 307 3734 Exod.
323 3681 363 3744 10,
376 3680 400 3734 3.
455 3677 499 3748 10]
518 3677 599 3734 Exod.
612 3681 637 3746 4,
649 3681 691 3736 21.
747 3679 791 3750 19]
810 3679 890 3736 llxod.
904 3683 929 3746 8,
943 3683 982 3738 15.

126 3833 260 3904 latiqnae
279 3835 307 3890 P
357 3833 610 3904 commotione
662 3837 805 3905 5quurP
857 3839 1042 3907 dusqnaeqno
1059 3839 1087 3893 P
1137 3837 1211 3893 lla·

84 3921 199 3976 raonoP
267 3921 438 3978 sslaraonem
461 3923 488 3977 P
557 3921 642 3976 decim
660 3923 689 3978 P
756 3925 881 3994 omoysi
899 3925 928 3980 P
997 3928 1029 3981 10
1051 3924 1167 3979 faraonis
1186 3925 1214 3980 P

86 4005 112 4058 ll
132 4021 208 4074 genno
226 4027 314 4065 orrao
377 4007 545 4078 elocutionis]
564 4009 620 4063 nim
639 4011 738 4066 adda
804 4011 1126 4080 retroductam,
1146 4018 1210 4082 poet

86 4105 139 4144 mec
154 4095 248 4151 oddo
303 4098 335 4151 14
354 4095 572 4166 superbiamquae
591 4097 619 4152 P
671 4099 703 4153 16
721 4095 901 4154 obdureturo
953 4099 1080 4152 amauiP
1133 4101 1163 4154 17
1182 4099 1210 4152 in

85 4195 163 4236 mo
229 4182 348 4237 uirtutus
373 4183 408 4238 ΡΙ
481 4186 513 4240 19
535 4181 689 4252 uidensqulb
712 4185 740 4240 P
809 4185 882 4238 farao
904 4185 932 4240 P
998 4187 1030 4240 21
1051 4183 1167 4239 laraonls
1185 4187 1213 4240 P

85 4263 237 4322 acerbum
255 4287 342 4326 occo
394 4271 427 4326 24
446 4285 477 4326 oc
495 4285 602 4326 oausam
620 4271 648 4324 P
699 4270 771 4324 larao
790 4273 818 4326 P
868 4275 901 4328 25
920 4271 1006 4326 decim
1025 4273 1052 4326 P
1102 4274 1137 4328 26
1155 4271 1211 4329 sio

85 4350 117 4405 29
134 4367 248 4424 perspece
266 4357 303 4411 P¹
