2924 4924
534 430 599 484 1111.
619 431 727 484 Sermo
744 431 787 486 23.
1167 427 1230 493 315

88 608 288 692 peculiariter
311 608 394 672 enim
417 607 480 672 ists
502 607 541 672 ad
563 606 789 690 professionem
812 611 953 672 nostram
976 606 1134 690 pertinent
1149 603 1229 670 nihil

87 713 120 776 in
143 712 202 776 hac
225 712 292 776 uita
314 711 534 776 consolationis
556 710 723 793 requirere,
751 711 827 776 nihil
850 711 986 791 honoris,
1016 710 1229 793 praesentium

88 833 195 880 rernm
216 815 333 881 solacia
351 815 494 900 refugere
517 819 547 880 et
570 816 609 880 ad
631 815 785 898 promissa
804 819 949 880 aeternae
968 815 1228 880 remunerationis

88 920 232 1004 praemia
254 920 396 985 animum
418 937 614 1004 praeparare,
638 918 829 985 subiectione
853 923 885 984 et
906 919 1079 985 abiectione
1093 919 1229 1003 gaudere

86 1029 120 1088 et
142 1026 361 1108 paupertatem
392 1024 494 1090 studio
525 1041 674 1106 quaerere
697 1027 730 1088 et
752 1042 814 1089 non
838 1024 939 1089 solnm
966 1023 1142 1104 facultates,
1173 1023 1228 1088 sed
1267 1049 1280 1088 s

85 1129 174 1212 ipsas
205 1128 385 1194 uoluntates
412 1129 450 1193 de
478 1127 623 1194 cordibus
648 1128 812 1194 eradicare.
850 1128 928 1194 nihil
956 1129 1039 1194 enim
1070 1128 1228 1211 proprium

84 1232 204 1298 habere
233 1231 392 1298 interdum
421 1251 471 1296 res
502 1233 698 1298 necessitatis
728 1232 833 1317 exigit,
868 1232 944 1298 nihil
975 1237 1081 1299 autem
1115 1250 1228 1298 concn-

84 1337 207 1421 pisoere
229 1355 279 1402 res
304 1339 352 1402 est
373 1337 507 1402 uirtutis.

131 1441 214 1506 Illud
237 1441 334 1506 etiam
357 1441 435 1506 scire
458 1441 619 1522 debemus,
642 1441 734 1524 quod,
757 1441 810 1524 qni
829 1442 983 1535 internos
998 1442 1097 1508 uitam
1112 1441 1228 1506 habere

83 1545 321 1626 constituimus,
353 1548 408 1610 aut
430 1563 503 1609 cnm
524 1545 636 1628 grand
657 1545 761 1612 fructu
784 1549 840 1611 aut
861 1563 934 1610 cnm
956 1546 1066 1630 grandi
1091 1545 1228 1629 pericxdo
1256 1573 1281 1611 ιο

83 1650 137 1714 nel
169 1649 335 1733 diligentes
365 1650 417 1714 uel
447 1649 543 1714 etiam
573 1650 776 1734 neglegentes
807 1635 926 1716 sumus.
964 1650 1045 1716 unde
1076 1650 1150 1716 felix
1180 1654 1229 1716 est

82 1754 138 1818 illa
161 1753 277 1834 anima,
309 1771 399 1836 quac,
430 1753 506 1818 dum
535 1753 617 1819 bene
640 1754 674 1820 in
696 1756 935 1839 congregatione
963 1757 1116 1834 uersatur,
1147 1755 1228 1819 mul-

83 1861 192 1924 torum
215 1857 366 1942 gaudium
390 1861 439 1922 est
461 1861 493 1922 et
514 1857 642 1940 plurimi
665 1877 701 1924 ex
724 1876 761 1924 ea
782 1859 834 1924 nel
856 1858 1061 1924 aedificantur
1083 1859 1134 1924 uel
1156 1859 1228 1924 illu·

82 1963 257 2028 minantur.
295 1961 379 2027 bona
401 1961 495 2042 enim,
518 1963 594 2027 dum
618 1963 727 2028 multis
750 1963 1031 2044 communicantur,
1062 1963 1226 2028 adduntur.

82 2067 122 2132 ad
147 2066 231 2149 quod
255 2066 350 2130 stiam
373 2067 596 2149 sapientissimi
616 2067 698 2132 illius
715 2068 870 2132 sententia
884 2067 1020 2150 respicit,
1044 2086 1123 2149 quas
1138 2067 1226 2132 dicit:
1254 2091 1279 2130 rs

81 2170 233 2250 filimi,
261 2171 292 2234 si
315 2170 466 2254 sapiens
490 2171 621 2252 lucris,
648 2169 749 2256 (eris)
775 2170 847 2236 tihi
874 2175 910 2236 et
936 2172 1113 2254 proximis
1142 2172 1225 2236 tuis.

80 2276 191 2358 itaque
214 2274 242 2338 si
265 2275 335 2356 quis
359 2275 391 2339 in
415 2277 653 2360 congregatione
675 2276 795 2358 positus
817 2275 1029 2341 humilitatem
1045 2295 1079 2340 sc
1094 2293 1227 2358 sequen·

79 2379 168 2444 tibus
200 2382 256 2442 aut
277 2379 461 2460 patientiam
484 2378 672 2463 praebuerit,
704 2383 858 2462 qnantum
889 2399 925 2445 ex
955 2399 989 2444 sc
1015 2380 1134 2445 bonum
1155 2397 1227 2463 pro·

79 2481 174 2548 rimis
206 2482 395 2564 commodat,
426 2486 550 2548 tantum
580 2483 612 2548 in
644 2503 678 2548 se
711 2484 799 2548 lucra
833 2484 963 2550 aliorum
997 2485 1161 2550 conuertit.
1200 2485 1227 2550 si

79 2605 157 2652 nero
182 2586 377 2651 econtrario
404 2605 460 2670 per
482 2587 745 2652 inoboedientiam
767 2589 818 2652 nal
841 2588 1032 2671 superbiam,
1063 2605 1142 2670 quae
1164 2609 1226 2669 res,
1253 2614 1279 2652 ao
1384 2677 1387 2684 Ι

78 2691 166 2773 quod
189 2689 280 2773 peius
303 2692 361 2770 est,
384 2690 507 2756 facilins
530 2691 667 2756 inueniri
690 2693 778 2772 solet,
802 2693 841 2756 ad
864 2692 939 2756 mali
959 2693 1136 2775 exemplum
1159 2693 1226 2757 sine

76 2793 258 2878 iniquitatis
280 2793 358 2858 alios
382 2796 554 2877 attraxerit,
582 2799 714 2878 quantos
738 2796 934 2876 destruxerit,
965 2797 1003 2860 ds
1026 2798 1122 2862 tantis
1145 2797 1226 2880 peri·

76 2899 192 2964 culum
212 2897 424 2964 damnationis
444 2900 584 2980 incurrit,
604 2901 730 2982 quantis
746 2899 969 2966 detrimentum
984 2901 1054 2981 fnit,
1074 2901 1114 2966 de
1128 2901 1225 2966 tantis

75 3005 202 3068 damna
225 3003 380 3068 contraxit
402 3007 434 3068 et
456 3007 631 3086 peccatum,
654 3005 736 3086 quod
759 3003 798 3070 ah
822 3005 875 3069 illo
898 3005 996 3070 semel
1018 3004 1157 3084 recessit,
1186 3004 1226 3070 ad

75 3125 155 3172 eum
180 3105 394 3190 multipliciter
416 3107 613 3173 redundabit.
652 3107 856 3190 quamohrem
879 3109 961 3174 sicut
982 3109 1034 3174 ille
1057 3109 1148 3174 ualde
1171 3109 1226 3174 ad·
1252 3134 1277 3174 u

74 3209 248 3304 mirandus
271 3213 365 3294 atque
388 3211 563 3277 landandus
586 3217 644 3293 est,
674 3213 760 3278 cuins
788 3231 898 3278 cursus
925 3213 1025 3278 bonus
1053 3213 1226 3278 multorum

71 3315 244 3399 profectus
274 3317 332 3396 est,
363 3315 407 3380 ita
428 3315 482 3380 ille
505 3334 567 3380 non
590 3317 746 3382 immerito
773 3317 928 3400 lugendus
952 3320 1009 3398 est,
1040 3317 1128 3384 cuius
1159 3317 1226 3382 nita

73 3421 258 3486 multorum
280 3420 372 3484 ruina
394 3423 451 3484 est.

190 3643 236 3712 lo]
254 3643 335 3698 Pron.
349 3648 374 3709 9,
388 3647 427 3701 ln.

119 3857 132 3910 l
168 3849 432 3920 nichil-roquirere
459 3855 522 3909 add.
540 3855 568 3910 B
590 3857 621 3910 ιἰι
644 3873 728 3926 morp.
800 3860 816 3912 5
839 3857 990 3926 iacrdtates]
1018 3859 1088 3928 ipsas
1110 3861 1174 3914 cdd.
1198 3863 1225 3916 A

70 3941 134 4010 sed]
157 3941 188 3994 ct
206 3939 272 3994 add.
285 3939 312 3994 A
377 3943 394 3995 8
412 3947 453 3995 est
470 3959 521 3997 om.
535 3941 605 3998 Boo
668 3947 684 3998 9
703 3944 748 4012 qni
767 3944 906 4014 inter—p.
920 3950 1010 4014 317‚o
1027 3945 1171 4016 prioribus]
1190 3951 1224 4016 cs.

69 4028 179 4084 mmet.
193 4027 265 4080 bosra
279 4029 312 4080 41
331 4027 458 4093 (BPML
475 4029 518 4083 VI
526 4033 579 4084 662
591 4029 631 4096 D)
686 4033 718 4086 lo
737 4031 907 4086 aut—imotn
924 4049 975 4088 om.
989 4033 1059 4088 BGo
1110 4035 1226 4090 alonem

67 4115 457 4170 mammertus
512 4117 544 4171 16
556 4115 608 4170 eris
619 4117 728 4186 addidi,
745 4135 795 4175 om.
809 4120 874 4174 libri
929 4123 960 4175 19
973 4119 1086 4174 aliorum
1098 4119 1173 4174 lucra
1189 4121 1226 4178 Oc

66 4205 104 4260 20
124 4199 188 4270 nel]
208 4215 257 4268 per
273 4201 338 4256 odd.
352 4203 379 4256 A
441 4217 509 4271 quae
527 4219 569 4258 res
587 4205 695 4274 scripsi,
718 4221 826 4273 quaeres
848 4207 965 4275 (queres)
987 4208 1060 4276 libri,
1082 4212 1226 4276 qusersto

66 4293 103 4346 23
124 4289 163 4343 de
183 4303 267 4344 omo
328 4289 362 4344 24
379 4289 520 4346 conhahet
537 4293 576 4348 Α1
630 4293 664 4348 25
682 4291 868 4364 admirandus]
886 4297 928 4348 est
945 4294 1066 4351 cdd.Bo
1118 4297 1151 4352 27
1170 4311 1224 4352 non

65 4373 229 4444 immerito]
248 4373 344 4429 merito
362 4377 418 4434 AB
