2886 4928
633 419 669 473 11.
689 420 734 473 De
752 421 874 488 spiritu
893 427 1006 475 sancto

796 629 849 694 VI.

250 793 302 835 um
330 792 519 851 Quantum,
551 791 658 834 U'I'RUH
689 792 829 834 sexatrus
858 792 969 835 ennom
999 793 1195 838 anemurio
1223 795 1374 838 COGNONEN

646 879 791 921 Pounxtm
812 880 854 921 AN
876 881 993 924 NOMEN.

292 1013 351 1079 Sed
367 1015 448 1080 inter
463 1015 540 1079 haec
563 1014 783 1096 requirendum
806 1015 916 1094 credis,
940 1019 1045 1080 utrum
1068 1018 1237 1101 appellatio
1259 1018 1372 1103 spiritus

209 1145 222 1184 e
249 1119 359 1200 sancti,
383 1139 476 1202 quem
493 1124 524 1184 et
539 1119 633 1184 deum
648 1137 776 1183 necesse
792 1123 840 1184 est
855 1121 1038 1204 nuncupari,
1062 1139 1176 1186 nomen
1192 1141 1232 1186 an
1254 1124 1372 1188 fortasse

248 1243 420 1310 cognomen
443 1227 493 1290 sit.
540 1226 595 1290 sed
622 1243 819 1310 recognosce,
850 1225 923 1307 quia
954 1227 995 1306 id,
1026 1227 1106 1309 quod
1137 1229 1220 1311 apud
1245 1228 1373 1293 homines

249 1330 367 1394 nomini
383 1332 519 1395 solemus
535 1331 714 1413 adiungere,
737 1330 786 1393 dei
802 1347 864 1394 non
887 1329 1035 1394 condecet
1057 1332 1223 1413 maiestati,
1247 1333 1279 1396 in
1299 1331 1372 1394 cuins

249 1435 375 1500 nomine
406 1435 551 1517 quioquid
583 1439 631 1499 est
661 1451 858 1517 nequaquam
873 1435 1095 1516 „adiectioium
1126 1436 1181 1500 sed
1204 1437 1272 1500 sine
1294 1434 1373 1499 dubio

249 1540 430 1604 naturaliter
460 1539 687 1622 sempiternum
718 1543 774 1603 est.
820 1539 914 1603 etiam
937 1539 1077 1604 doctrina
1098 1541 1302 1624 grammatica
1321 1539 1372 1602 alia

197 1667 221 1704 ro
249 1643 376 1708 nomina
398 1643 586 1723 communia,
618 1644 649 1707 id
672 1648 720 1707 est
742 1643 931 1726 appellatina
961 1647 1062 1724 nocet,
1093 1645 1154 1708 alia
1176 1645 1328 1728 specialia,
1348 1641 1372 1705 id

248 1753 296 1812 est
318 1749 441 1832 propria
468 1753 638 1832 nuncupat.
665 1748 857 1836 'uideamus
888 1749 915 1812 si
946 1749 977 1812 in
1009 1749 1123 1814 uostris
1153 1750 1212 1814 lroc
1239 1751 1303 1815 loco
1324 1747 1372 1812 ali·

247 1852 319 1934 quid
343 1853 443 1917 simile
466 1853 607 1917 inuenire
629 1853 795 1936 possimus.
842 1853 882 1916 de
904 1852 936 1916 in
959 1853 1016 1917 deo
1039 1870 1153 1918 nomen
1176 1855 1308 1937 speciale
1329 1851 1371 1914 nel

246 1957 416 2039 proprium,
439 1956 470 2020 id
493 1960 542 2020 est
564 1961 651 2039 pater
674 1961 705 2021 et
728 1955 808 2020 filius
832 1960 863 2020 et
886 1955 1012 2038 spiritus
1036 1961 1173 2022 sanctus.
1207 1958 1240 2022 in
1260 1961 1372 2022 tanturn

246 2060 323 2125 heec
352 2062 476 2144 propria
507 2065 591 2142 sunt,
626 2065 662 2126 ut
692 2079 749 2126 nee
779 2061 817 2126 de
847 2061 911 2125 filio
941 2065 1030 2144 pater
1059 2061 1119 2126 dici
1146 2063 1245 2144 possit
1266 2080 1320 2126 nec
1340 2059 1372 2121 de

195 2187 218 2226 u
245 2171 332 2248 patre
361 2167 453 2230 facile
480 2166 602 2250 legatur
632 2167 759 2249 spiritus
790 2170 926 2232 sanctus.
973 2167 1047 2231 item
1072 2167 1111 2231 da
1133 2169 1304 2252 proprium:
1332 2167 1373 2230 in·

245 2271 381 2352 genitus
412 2271 551 2354 genitus,
586 2289 622 2334 ex
652 2275 782 2353 utroque
813 2272 992 2354 procedens
1046 2290 1169 2336 rursum
1200 2273 1240 2336 da
1268 2288 1371 2336 nomen

244 2375 389 2457 generale
423 2379 516 2457 atque
550 2393 733 2440 commune:
772 2376 935 2456 maiestate,
973 2376 1172 2457 inmensitate,
1210 2373 1371 2459 plenitudo,

245 2495 336 2558 unus,
367 2479 451 2542 solus
478 2479 564 2544 dens.
611 2480 664 2543 sed
688 2497 759 2544 oum
783 2479 870 2544 endis
893 2498 984 2560 unus,
1007 2498 1070 2545 non
1092 2480 1142 2544 hic
1165 2499 1311 2544 numerus
1332 2479 1373 2541 in·

244 2580 384 2662 choetnr‚
415 2582 470 2646 sed
495 2583 645 2665 perfectio
672 2583 794 2648 infinita
821 2584 985 2668 colligitur.
1031 2583 1105 2666 quid
1131 2589 1179 2648 est
1200 2603 1290 2664 unns,
1320 2581 1373 2646 nisi

192 2707 217 2744 2ο
245 2703 357 2749 nomen
395 2687 704 2768 incommunicabile,
742 2688 824 2770 quod
858 2706 914 2752 nec
947 2689 1148 2771 posteriorem
1182 2689 1290 2772 recipit
1322 2703 1372 2750 nec

243 2789 398 2870 priorem?
421 2791 494 2872 quid
507 2796 554 2855 est
565 2811 657 2872 unus,
674 2792 735 2856 nisi
747 2792 889 2875 simplex,
905 2792 1098 2875 inconposita
1113 2797 1144 2856 et
1159 2793 1291 2856 indiuisa
1306 2790 1373 2855 sub·

243 2894 381 2958 stantia?
423 2895 496 2976 qnid
519 2914 610 2976 unns,
634 2896 695 2960 nisi
717 2895 980 2960 incommutabilis
1004 2901 1035 2960 et
1050 2897 1189 2978 aequalis
1206 2915 1242 2961 ac
1257 2911 1371 2978 semper

242 2997 335 3078 idem,
367 2999 418 3080 qui
449 3017 621 3082 numquam
645 3018 663 3064 a
687 3019 720 3064 se
749 3000 848 3083 possit
871 3019 940 3064 esse
963 3000 1126 3064 diuersus?
1170 3017 1207 3065 ac
1229 3002 1273 3065 sic
1295 3017 1372 3064 com·

244 3101 347 3164 munis
378 3103 546 3186 appellatio
577 3104 731 3167 unitatem
757 3104 904 3185 loquitur,
934 3105 1058 3187 propria
1080 3105 1263 3169 trinitatem.
1307 3119 1371 3166 cunr

191 3227 217 3266 rr
243 3223 315 3288 ergo
339 3205 450 3270 dixeris
474 3212 572 3290 pater,
596 3207 689 3289 filine,
713 3208 841 3291 spiritus
861 3213 998 3289 sanctus
1022 3209 1217 3292 singulorum
1231 3225 1371 3292 personas

242 3309 418 3390 specialiter
449 3311 618 3394 explicasti,
650 3329 721 3376 oum
752 3311 864 3376 dixeris
887 3329 968 3376 nnus
992 3312 1078 3392 dene,
1104 3331 1301 3378 communem
1322 3310 1372 3376 tri·

241 3413 348 3477 uitatis
368 3413 589 3496 substantiam,
612 3433 811 3480 communem
828 3417 959 3500 gloriam
976 3417 1205 3482 demonstrasti.
1240 3418 1289 3482 hic
1304 3431 1370 3498 ergo

241 3516 300 3580 sibi
322 3518 478 3600 imperitia
501 3523 625 3584 noctem
648 3521 760 3584 erroris
783 3520 908 3601 obtexit,
939 3521 1013 3585 dum
1037 3539 1203 3605 suppresso
1226 3519 1371 3586 uocabulo

240 3622 414 3686 maiestatis
445 3623 587 3706 spiritum
618 3629 763 3689 sanctum
794 3625 825 3690 in
858 3643 893 3689 eo
924 3628 1049 3690 tantum
1071 3625 1219 3691 aestimat
1242 3627 1369 3702 nomine,

282 3793 441 3863 2apellatio
460 3796 487 3850 P
552 3799 622 3852 3an
640 3796 748 3865 nomen]
769 3793 830 3850 an‘ffi
850 3798 878 3851 P
939 3800 1001 3852 tet
1018 3815 1105 3854 ooao
1167 3794 1371 3867 timgnoeeeP

239 3879 364 3936 'leiuso
428 3882 625 3937 8adiectiuum
644 3902 660 3937 o
724 3883 788 3938 9in
805 3889 868 3938 unte
886 3881 1007 3938 doctrina
1024 3884 1088 3940 odd.
1101 3903 1118 3938 o
1182 3881 1371 3940 doctrinamP

241 3995 272 4048 ro
285 3993 467 4062 apelletiani>
514 3997 545 4050 12
558 3960 713 4063 epitomen
760 3998 791 4051 15
805 3994 942 4064 legiturP
989 3996 1228 4065 regenitusome
1274 4000 1307 4053 re
1320 3993 1368 4049 001·

238 4061 302 4158 riiur
320 4106 349 4160 Ρ
398 4109 433 4162 no
451 4105 672 4160 annominemus
692 4107 719 4161 r
769 4109 801 4163 21
821 4075 961 4162 intrusio
979 4109 1006 4163 P
1060 4111 1094 4165 22
1112 4109 1188 4180 quid]
1208 4115 1248 4164 eu
1264 4109 1371 4166 acue

238 4191 462 4246 incitmntatabilie
481 4193 514 4260 P,
535 4193 793 4248 incommunicabilis
810 4213 826 4250 o
896 4195 1041 4264 inaequalis
1059 4197 1087 4251 P
1152 4197 1371 4267 alapenses?

237 4279 357 4345 loquitur
374 4279 480 4348 propria
498 4280 646 4333 trinitatem
665 4299 716 4336 orn.
734 4299 750 4334 n
803 4283 836 4336 25
855 4287 882 4335 et
899 4289 962 4336 onte
979 4283 1089 4351 spiritus
1106 4285 1170 4338 odd.
1190 4305 1206 4340 e
1273 4288 1309 4340 26
1326 4301 1368 4354 pa·

238 4365 302 4416 riter
315 4383 369 4434 pro
388 4365 537 4434 specialiter
555 4387 571 4422 n
626 4370 660 4423 28
678 4369 815 4436 impericia
833 4369 860 4422 P
910 4372 944 4424 29
963 4371 1114 4428 estimatR
