2920 4930
500 411 597 466 Liber
615 411 644 466 11
663 414 772 468 10-11.
1164 407 1205 472 89

80 591 208 656 rentibus
240 593 301 656 ista
334 591 501 655 consertm
540 590 595 654 illa
627 587 864 654 renascentibus
899 586 1110 665 ministratur,
1144 587 1205 650 ista

81 695 276 761 nascentibus.
311 695 440 760 libertas
462 695 502 759 ad
525 695 625 760 solam
648 693 697 758 dei
720 693 855 777 pertinet
877 691 1099 776 operationem,
1126 690 1205 756 libe-

81 801 198 866 ratioet
221 802 259 866 ad
283 799 400 865 subditi
421 800 557 864 hominis
581 799 775 864 seruitutem.
814 798 868 862 ille
893 796 983 860 bonis
1011 795 1204 876 confirmata,

80 904 131 968 istu
151 909 181 970 et
203 905 294 970 malis
317 905 411 970 insita
434 909 490 970 est.
523 905 577 968 illa
599 903 760 986 adquisitis
784 906 816 966 et
838 899 1109 985 perseuerantibus
1133 918 1206 964 oon-

80 1009 156 1090 petit,
177 1011 237 1075 ista
259 1015 291 1074 et
304 1009 433 1094 perditis
450 1009 595 1092 suppetit.
634 1009 688 1072 illa
703 1007 874 1087 condentis,
891 1007 951 1070 ista
967 1011 998 1070 et
1013 1005 1204 1070 oboedientis
1244 1033 1257 1072 s

81 1119 127 1176 est.
153 1115 204 1180 illa
219 1115 385 1198 potentiae,
409 1116 469 1179 ista
485 1118 534 1178 est
549 1112 787 1178 misericordiae.
814 1111 868 1176 illa
883 1111 1008 1195 originis
1026 1115 1057 1174 et
1071 1110 1205 1195 generis,

80 1218 131 1282 ista
151 1223 197 1284 ast
219 1219 360 1284 muneris
384 1223 416 1284 et
438 1219 571 1284 uirtutis.

605 1443 660 1510 nn.
764 1525 767 1531 p

307 1605 429 1649 GBNTBS
451 1607 539 1649 DEUM
561 1605 784 1649 annumerans
807 1606 963 1648 sarulssu.

115 1741 225 1808 Plenus
249 1743 361 1826 spiritu
384 1747 492 1808 sancto
514 1743 667 1826 propheta
682 1743 795 1806 Daniel
816 1743 915 1806 sciens
940 1743 1033 1807 deum
1056 1744 1087 1808 in
1111 1761 1206 1807 sensu
1234 1769 1259 1808 ιο

80 1845 202 1913 hominis
233 1849 408 1932 appetitum
438 1848 511 1912 boni
540 1848 654 1912 maline
686 1849 837 1931 posuisse,
867 1849 912 1912 ita
941 1847 1206 1914 Nabucodonosor

80 1951 235 2036 alloquitur
262 1953 383 2018 dicens:
414 1953 652 2035 quamobrem
680 1953 879 2017 consilium
910 1971 1029 2018 meum
1058 1954 1207 2036 placeat

80 2057 155 2138 tibi,
184 2077 201 2122 o
231 2077 308 2138 rex,
339 2061 375 2122 et
403 2062 558 2140 peccata
584 2061 648 2122 tua
671 2057 890 2140 elimosynis
917 2058 1058 2122 redime
1082 2061 1117 2122 et
1139 2059 1206 2122 ini-

80 2163 231 2242 quitates
262 2167 346 2228 tuas
376 2161 687 2228 miserationibus
717 2180 931 2246 pauperum.
970 2167 1006 2227 et
1035 2167 1205 2244 peccata,

81 2265 178 2348 inquit,
201 2273 265 2333 tua
285 2267 502 2350 elimosynis
522 2267 671 2332 redime.
710 2267 882 2351 praefixum
902 2268 999 2332 uideri
1015 2285 1077 2332 non
1092 2271 1206 2351 potest,
1234 2291 1258 2330 15

80 2371 217 2454 quidquid
240 2372 350 2436 redimi
372 2375 483 2454 potest.
523 2389 542 2436 a
564 2373 697 2436 sanitate
720 2372 828 2454 utique
852 2389 913 2436 non
945 2373 1126 2452 excluditur,
1157 2374 1206 2436 cni

80 2477 240 2542 remedium
259 2477 473 2559 persuadetur.
498 2477 653 2559 simulque
674 2477 702 2540 ei
723 2476 886 2541 arbitrium
909 2495 970 2542 non
994 2481 1137 2560 negatur,
1158 2479 1207 2540 cui

81 2598 238 2647 consensus
262 2581 402 2666 exigitur.
441 2581 530 2646 liberi
553 2583 650 2646 animi
673 2581 809 2646 officinm
833 2601 894 2646 non
918 2582 1032 2662 amisit,
1062 2583 1114 2664 qui
1136 2601 1206 2666 pro·

81 2683 161 2750 latur
182 2687 338 2769 suscipere
361 2687 498 2770 potuisse
521 2687 694 2751 consilium.
731 2705 749 2750 a
772 2687 873 2752 salute
896 2687 1016 2750 alienus
1037 2705 1098 2751 non
1119 2688 1206 2750 inue-

81 2789 165 2872 nitur,
187 2793 236 2856 cui
260 2791 392 2856 materia
415 2791 523 2856 salutis
546 2792 706 2875 ingeritur.
743 2795 774 2856 et
797 2791 845 2856 cui
861 2791 950 2856 offert
967 2792 1118 2874 propheta
1133 2809 1205 2855 con·
1233 2818 1259 2856 eo

81 2896 222 2974 parandae
245 2895 458 2980 indulgentiae
481 2897 686 2977 occasionem,
716 2897 818 2961 inesse
847 2897 874 2960 ei
898 2897 1070 2962 uoluntatis
1094 2897 1206 2960 asserit

81 3001 264 3078 potestatem.

117 3101 170 3168 Sed
192 3109 224 3170 et
246 3105 314 3185 hoc,
339 3105 421 3188 quod
436 3105 579 3170 Baltasar
598 3106 724 3189 gentilis
745 3107 886 3190 arguitur
903 3105 1024 3170 dicente
1039 3106 1205 3189 propheta:

81 3205 232 3274 laudasti
262 3209 348 3274 daos
379 3214 578 3294 argenteos
602 3214 638 3274 et
668 3227 799 3275 aureos
823 3215 857 3274 et
879 3211 1026 3294 ligneos
1051 3215 1087 3274 et
1116 3211 1206 3294 lapi·

82 3309 155 3377 deos
177 3319 213 3379 ot
236 3313 357 3395 deum,
381 3314 416 3378 in
439 3315 543 3378 ouius
566 3332 675 3378 manu
698 3315 816 3379 flatus
839 3319 924 3378 tuus
948 3319 1017 3395 est,
1041 3333 1111 3380 non
1131 3315 1206 3378 lau·
1233 3341 1258 3378 as

82 3415 173 3484 lasti.
210 3417 311 3500 uides,
334 3419 407 3501 quia
425 3419 475 3484 hio
496 3419 672 3502 alienigena
691 3420 784 3484 deum
807 3423 839 3484 et
861 3420 939 3484 scire
962 3421 1063 3502 potuit
1086 3423 1117 3484 at
1139 3421 1206 3484 lan·

82 3517 152 3602 darc,
170 3523 223 3588 sad
241 3523 350 3588 noluit.
381 3523 484 3588 inesse
500 3523 618 3588 homini
633 3524 827 3588 intellectum
842 3525 892 3588 dei
906 3525 1022 3608 pariter
1038 3529 1070 3590 et
1085 3525 1205 3588 cultum

83 3623 139 3690 ideo
158 3629 310 3712 propheta
333 3628 529 3709 memorauit,
560 3629 633 3710 quia
655 3629 758 3712 legem
782 3633 913 3694 naturae
936 3629 1100 3693 indiscrete
1125 3629 1206 3692 intra

82 3732 169 3796 omnis
190 3731 326 3797 hominis
350 3751 479 3796 sonsum
498 3733 604 3816 uigere
620 3733 773 3816 cognouit.
806 3737 837 3797 et
851 3737 1014 3817 propterea
1030 3751 1101 3798 cum
1117 3751 1206 3816 prac-

81 3829 134 3898 luto
153 3835 415 3902 Nabucodonosor
445 3837 511 3920 regi
535 3835 646 3902 Daniel
676 3838 740 3902 uim
764 3837 877 3903 somnii
899 3838 1081 3919 renelasset,
1111 3837 1204 3902 deum
1232 3861 1258 3900 ao

172 4009 214 4078 l2]
233 4009 301 4062 Dan
314 4011 339 4074 4,
353 4011 394 4064 24.
449 4009 494 4080 24]
513 4009 580 4063 Dan.
595 4013 619 4074 5,
633 4011 673 4066 23.

120 4167 215 4228 litae
268 4177 301 4230 lo
320 4171 427 4226 danihel
445 4173 473 4227 P
525 4175 555 4230 ll
574 4173 747 4243 possuisseP
798 4173 1015 4244 nabogodonosor
1029 4177 1056 4230 P
1108 4179 1141 4230 13
1159 4173 1205 4227 eli-

84 4253 177 4310 mosinis
196 4259 222 4312 P
291 4263 323 4316 15
342 4259 494 4328 elymosinis
514 4261 541 4315 P
611 4263 643 4316 lo
661 4261 769 4330 utiquae
788 4263 821 4330 P,
844 4263 968 4330 itaquae
1039 4264 1070 4317 17
1094 4261 1206 4316 cuiusv

82 4365 111 4418 24
126 4335 201 4426 lineos
218 4374 245 4428 P
296 4373 330 4428 30
349 4371 567 4442 nabogodonosor
585 4373 613 4427 P
665 4371 772 4428 danihel
792 4375 819 4430 P
