2920 4930
240 366 300 430 104
619 365 653 418 11.
673 365 717 418 De
736 365 856 433 spiritu
876 367 987 417 sancto

236 544 388 626 quomodo
418 544 580 606 ecclesiam
610 541 795 607 catholicam
825 541 985 606 nominare
1015 542 1127 606 audeat
1156 541 1364 623 Macedonica,

127 642 129 646 ’
236 649 288 730 qui
310 649 396 711 entra
418 646 602 711 catholicam
626 647 695 710 oxul
718 646 828 710 salutis
852 646 994 709 exclusus
1011 649 1059 709 est
1075 665 1111 709 er
1127 646 1252 710 illorum
1268 647 1364 710 tactus

235 771 374 832 numero,
398 753 435 816 do
458 751 570 834 quibus
591 751 715 816 dicitur:
739 751 776 814 in
799 751 959 814 circuitu
982 750 1089 834 impii
1112 749 1363 815 ambulabunt.

237 875 309 941 ergo
333 857 422 920 diois:
447 856 537 920 credo
561 855 593 919 in
616 859 758 920 sanctam
782 855 945 920 ecclesiam
968 855 1161 920 catholicam.
1201 858 1275 940 quid
1297 875 1365 937 sup·

197 990 210 1030 s
236 961 378 1046 ponendo
402 961 555 1044 exiguam,
578 961 609 1024 id
633 964 680 1024 est
702 960 734 1024 in
757 959 909 1040 syllabam
932 960 1094 1043 ingentem
1115 963 1280 1047 cahgn'nem
1295 961 1365 1027 sub-

237 1071 340 1131 texere
352 1066 494 1130 conaris?
518 1065 671 1128 oredimus
688 1065 850 1128 ecclesiam
867 1065 955 1146 quasi
969 1067 1213 1148 regenerationis
1226 1072 1364 1147 matrem,

236 1189 298 1236 101
326 1171 358 1233 11
389 1169 553 1233 eeclesiam
583 1168 738 1232 oredimus
769 1169 858 1250 quasi
887 1169 921 1232 in
949 1170 1058 1234 salutis
1082 1177 1250 1236 auctorem.
1296 1191 1364 1237 nam

236 1294 308 1340 cum
331 1275 389 1339 hoo
412 1274 449 1337 de
473 1273 584 1356 spiritu
608 1275 715 1337 sancto
738 1273 884 1338 uniuersa
907 1272 1091 1338 confiteatur
1114 1277 1252 1356 ecclesia,
1279 1295 1366 1340 num-

237 1380 310 1462 quid
333 1383 364 1444 ot
385 1379 417 1443 in
441 1382 541 1442 semet
563 1379 665 1460 ipsam
688 1378 818 1442 ecclesia
841 1379 965 1443 credere
987 1382 1110 1461 potest?
1149 1398 1222 1465 ergo
1245 1381 1366 1444 cumin

184 1516 208 1555 ro
235 1485 334 1548 solam
358 1483 531 1566 specialiter
554 1482 636 1546 credi
659 1485 799 1564 oportere
822 1483 995 1548 trinitatem
1016 1485 1111 1549 etiam
1126 1489 1364 1550 memoratorum

235 1591 360 1672 patrum
391 1591 456 1652 toto
486 1587 641 1652 celebrata
670 1586 744 1652 orbe
775 1587 915 1652 doctrina
944 1587 1121 1670 confirmet,
1156 1593 1210 1654 aut
1242 1608 1364 1654 remoue

235 1694 315 1758 hano
346 1693 383 1756 de
414 1692 561 1756 ecclesiae
591 1691 717 1757 nominc
747 1691 900 1774 syllabam
931 1696 986 1758 ant
1017 1697 1099 1758 certe
1129 1694 1253 1759 credere
1282 1697 1312 1758 te
1334 1694 1363 1757 in

236 1798 398 1862 ecclesiam
428 1797 595 1862 manifesta
624 1797 812 1880 professione
843 1797 1001 1880 scripturis
1032 1799 1151 1880 adsere,
1182 1799 1364 1864 testimoniis

236 1904 320 1985 doce,
350 1902 463 1968 diuinis
486 1901 618 1967 oraculis
640 1905 761 1966 remota
782 1902 950 1968 uerborum
972 1906 1097 1968 tuorum
1119 1904 1365 1988 praesumptione

185 2039 209 2079 rs
236 2009 395 2074 conuiuae.

280 2114 328 2177 Dc
357 2113 452 2176 sacris
483 2111 659 2177 omnimodo
689 2111 901 2177 uoluminibus
932 2131 1010 2195 quae
1041 2117 1115 2178 sunt
1145 2113 1297 2178 credenda
1319 2131 1368 2177 su-

238 2235 371 2298 mamus,
403 2217 440 2280 de
470 2234 602 2298 quorum
633 2216 719 2280 fonto
742 2217 875 2299 symboli
897 2217 994 2299 ipsius
1018 2218 1113 2282 series
1137 2218 1276 2282 deriuata
1299 2217 1368 2281 sub-

237 2321 327 2386 sistit.
374 2321 426 2404 qui
448 2322 480 2384 in
505 2320 669 2384 ecclesiam
691 2321 789 2384 credit
810 2322 843 2385 in
865 2321 1026 2386 hominem
1049 2322 1156 2386 credit.
1201 2322 1369 2387 nonenim

237 2429 329 2491 homo
352 2445 388 2489 ex
411 2426 551 2505 ecclesia,
575 2425 630 2489 sed
654 2425 784 2489 ecclesia
807 2425 909 2507 coepit
931 2445 1000 2490 esse
1024 2446 1060 2490 er
1082 2427 1217 2491 homine.
1263 2426 1368 2490 recede

185 2531 341 2612 scitaque
371 2529 410 2594 ab
440 2531 498 2593 hac
527 2529 741 2612 blasphemiae
772 2531 986 2612 persuasione,
1020 2534 1055 2594 ut
1084 2531 1116 2594 in
1146 2531 1284 2613 aliquam
1315 2531 1370 2594 hu·

237 2652 364 2698 manem
394 2633 518 2698 credere
548 2637 578 2698 te
609 2633 721 2698 debore
751 2635 896 2698 aestimes
927 2638 1114 2715 creaturam,
1146 2653 1218 2699 oum
1248 2635 1369 2701 omuino

172 2765 177 2774 ·
237 2758 294 2804 neo
327 2739 358 2802 in
394 2739 540 2822 angelum
574 2757 631 2802 nec
664 2739 696 2802 in
728 2737 951 2822 archangelum
982 2741 1022 2803 sit
1052 2739 1249 2804 credendum.
1296 2741 1370 2804 haec

238 2843 332 2923 enim,
362 2861 441 2924 quae
468 2843 501 2907 in
524 2843 665 2926 symbolo
687 2846 759 2924 post
781 2844 880 2907 sancti
904 2844 1029 2927 spiritns
1053 2862 1167 2909 nomen
1191 2848 1368 2926 sequuntur,

238 2949 277 3012 ad
307 2947 480 3011 clausulam
511 2946 645 3030 symboli
674 2950 794 3010 remota
823 2948 855 3011 in
881 2947 1107 3030 praepositione
1130 2949 1309 3031 respiciunt,
1338 2954 1368 3010 ut

185 3080 211 3119 rs
238 3055 379 3116 sanctam
404 3051 580 3132 ecclesiam,
612 3055 790 3115 sanctorum
814 3053 1075 3132 communionem,
1106 3051 1280 3116 abremissa
1301 3071 1370 3136 pec·

237 3159 388 3235 catorum,
419 3156 520 3219 earnis
550 3156 817 3236 resurrectionem,
848 3157 948 3220 uitam
972 3159 1131 3220 aeternam
1155 3157 1318 3221 credamus
1341 3158 1370 3220 in

237 3261 340 3340 deum,
370 3259 401 3324 id
425 3264 481 3339 est,
511 3263 546 3324 ut
576 3259 653 3323 haee
676 3278 695 3323 a
717 3260 774 3324 deo
797 3260 946 3342 disposita
970 3261 1055 3324 etin
1079 3261 1136 3324 deo
1159 3265 1302 3326 constare
1325 3261 1371 3325 sa·

342 3467 370 3538 3]
388 3467 487 3522 Psalm.
503 3471 543 3532 11,
556 3470 579 3522 9.

281 3657 503 3716 Imachedonius
522 3659 578 3713 PV
638 3657 812 3714 3ambulant
830 3660 857 3713 P
919 3659 1059 3728 4quodc
1123 3627 1372 3728 supponeudqlnrll

237 3748 415 3814 (oceano.)
463 3745 652 3814 8nunquidP
697 3745 935 3803 9ecclesiaom.P
982 3749 1013 3802 1o
1026 3747 1186 3815 oporteatP
1233 3747 1374 3802 lltotaP

239 3863 271 3915 12
290 3859 356 3912 cerit
373 3861 400 3914 P
453 3861 485 3914 13
502 3825 677 3928 professioni}
699 3860 779 3924 V(ex
798 3877 869 3914 maa.
883 3860 942 3926 alt.)
994 3875 1108 3912 asserere
1126 3859 1154 3912 P
1207 3863 1239 3914 14
1258 3825 1374 3914 tullmP

240 3949 270 4002 17
290 3946 405 4000 diriuata
423 3947 450 4000 P
514 3949 545 4000 19
564 3961 619 3999 esse
638 3947 731 4001 om.V
798 3962 852 4000 esse
871 3946 974 4015 cepitc
1043 3945 1130 4000 omine
1150 3947 1186 4000 Ρ1
1257 3949 1292 4002 20
1311 3963 1341 4000 ex
1359 3965 1372 3999 r

237 4032 398 4102 blaspemiae
417 4034 444 4088 P
506 4036 538 4087 21
558 4035 584 4085 te
603 4033 711 4086 extimes
730 4032 824 4087 dobere
844 4033 947 4088 credere
966 4034 993 4087 P
1056 4033 1145 4088 oririno
1164 4034 1191 4088 P
1257 4033 1372 4138 230111-

237 4145 298 4200 bolo
311 4147 338 4200 P
389 4147 557 4200 secunturV
607 4148 639 4200 24
652 4145 854 4214 recipiunturP
905 4149 938 4202 25
952 4163 981 4198 ac
994 4145 1104 4200 remissa
1118 4147 1148 4214 V,
1167 4146 1200 4200 ab
1213 4113 1374 4215 remissamf’

236 4233 336 4298 (nonem
356 4251 427 4290 maa.
447 4233 524 4301 tert),
547 4232 766 4288 remissionemc
853 4235 887 4290 26
914 4231 1052 4286 credamus
1075 4235 1116 4288 bis
1139 4233 1181 4288 Po
1269 4232 1373 4288 2710-

238 4320 358 4390 positae
