2920 4928
248 433 344 488 LXXX
694 435 935 504 Prolegomena.

248 611 280 674 id
309 610 391 692 quod
421 629 520 694 nuper
541 609 717 676 Kruschius
748 612 822 676 fecit
848 612 880 676 in
904 611 1012 676 Fausti
1035 617 1066 677 ct
1088 613 1204 678 Ruricii
1232 614 1381 696 epistulis,

248 715 300 796 qui
316 715 429 779 codicis
446 713 657 798 sangallensis
674 716 931 800 orthographicas
947 717 1172 800 discrepantiae
1189 723 1220 782 et
1242 719 1274 782 in
1298 723 1382 782 terto

248 819 334 884 etin
358 819 439 884 notis
468 839 653 904 suppressae
681 821 839 904 specimen
862 822 1091 905 prolegomenis
1114 823 1246 886 inseruit
1269 823 1382 886 saeculi

248 925 321 988 noni
355 923 510 989 scribendi
543 925 697 990 rationem
732 944 794 990 non
828 925 942 990 debere
977 925 1100 991 obtrudi
1135 927 1235 1010 quinti
1270 927 1382 990 saeculi

248 1029 392 1112 scriptori
415 1029 568 1094 dictitans.
593 1048 785 1113 quamquam
808 1030 892 1095 enim
914 1049 976 1095 non
1000 1031 1027 1094 is
1050 1049 1132 1112 sum,
1155 1031 1207 1113 qui
1222 1031 1280 1095 hae
1296 1031 1327 1095 in
1351 1049 1382 1094 rc

248 1132 388 1196 codicum
412 1135 586 1198 auctoritati
609 1135 740 1198 nimium
757 1134 904 1216 tribuam,
929 1139 1035 1199 tamen
1052 1136 1212 1218 antiquam
1229 1135 1381 1199 scribendi

247 1237 400 1300 rationem
431 1238 554 1301 saeculo
586 1238 693 1320 quinto
724 1240 756 1302 in
787 1257 845 1302 usu
874 1239 969 1303 hrisse
996 1241 1169 1322 praefracte
1193 1257 1281 1323 nego.
1320 1240 1381 1302 iam

248 1360 319 1404 cum
344 1342 380 1404 de
404 1343 520 1405 sacculi
543 1342 642 1423 quinti
666 1344 851 1426 scriptorum
875 1344 1095 1428 orthographia
1118 1345 1194 1408 certi
1216 1343 1381 1426 quidquam

250 1449 387 1510 statuere
411 1446 549 1510 nondum
572 1446 674 1527 liceat,
699 1447 737 1510 ad
753 1446 864 1512 Gallici
879 1451 961 1512 certe
978 1447 1137 1531 scriptoris
1154 1449 1269 1512 saeculi
1285 1448 1381 1530 quinti

249 1569 379 1614 manum
405 1551 531 1633 propius
554 1551 738 1616 accedemus
761 1550 874 1616 Gallici
897 1551 1018 1616 librarii
1041 1553 1157 1616 saeculi
1180 1553 1254 1616 noni
1279 1552 1381 1616 ortho-

248 1655 380 1740 graphia
402 1655 526 1720 reiectis
554 1656 601 1736 iis,
630 1674 709 1738 quae
738 1660 843 1738 aperte
871 1657 1077 1739 posteriorum
1100 1661 1275 1740 tempomm
1300 1661 1381 1734 sunt,

247 1761 307 1840 usi,
335 1779 428 1842 quam
456 1761 515 1824 nisi
542 1761 716 1842 praeceptis
741 1778 759 1822 a
781 1761 993 1843 grammaticis
1018 1760 1244 1841 Quintilianeae
1273 1761 1380 1825 aetatis

247 1864 338 1928 datis.
377 1865 409 1928 in
433 1865 477 1928 eis
502 1864 637 1946 scriptis,
661 1881 739 1945 quae
761 1865 903 1947 pluribus
927 1864 1084 1929 codicibus
1107 1865 1281 1946 traduntur,
1304 1865 1380 1928 forte

247 1969 372 2032 fortuna
395 1969 516 2049 accidit,
541 1973 576 2033 ut
599 1969 644 2032 uti
668 1968 758 2032 nobis
773 1969 880 2033 liceret
897 1973 928 2033 et
943 1969 975 2033 in
991 1969 1077 2034 libris
1094 1969 1131 2034 de
1147 1970 1259 2053 spiritu
1275 1973 1381 2033 saneto

249 2076 280 2136 et
307 2073 338 2136 in
366 2073 523 2156 plerisque
551 2073 748 2138 sermonibus
776 2073 854 2137 libro
882 2073 1019 2156 perbono
1047 2074 1158 2138 ceteris
1180 2075 1272 2158 longe
1295 2091 1380 2156 prae·

247 2178 353 2257 stanti,
377 2178 464 2240 cuius
487 2178 636 2243 lectiones
653 2195 762 2242 omnes
779 2177 810 2242 in
827 2179 908 2242 notis
924 2178 1084 2242 afferimus
1101 2197 1256 2261 quemque
1273 2178 1379 2242 ducem

247 2282 345 2345 secuti
369 2299 477 2346 sumus
502 2283 596 2346 etiam
620 2283 652 2347 in
675 2282 769 2346 rebus
793 2283 1050 2366 orthographicis.

289 2386 400 2450 Restat
430 2389 466 2450 ut
495 2404 594 2469 pauca
625 2387 661 2450 de
693 2386 881 2452 indicibus
911 2388 943 2452 ih
971 2386 1032 2450 fine
1060 2387 1228 2451 uoluminis
1256 2386 1380 2451 adiectis

246 2490 357 2554 dicam.
396 2493 488 2572 atque
518 2491 551 2554 in
585 2491 708 2555 indice
743 2492 932 2556 nominum
962 2495 998 2556 et
1026 2509 1148 2555 rerum
1180 2507 1217 2555 ca
1245 2490 1380 2555 breuiter

246 2595 356 2659 afferre
379 2595 461 2659 haud
485 2613 753 2678 superuacaneum
776 2597 858 2676 duri,
888 2615 968 2678 quae
992 2595 1031 2660 ad
1055 2595 1205 2679 epistulas
1228 2595 1379 2678 imprimis

245 2700 354 2764 Fausti
381 2705 412 2764 et
429 2700 552 2765 Ruricii
579 2701 693 2764 rectius
720 2701 945 2783 intellegendas
969 2701 1146 2765 necessaria
1168 2703 1283 2764 essent.
1329 2700 1380 2782 qui

245 2806 328 2870 enim
363 2823 415 2870 eas
445 2805 566 2888 legerit,
581 2881 584 2890 Ι
601 2805 721 2868 facihus
752 2805 896 2886 indicem,
931 2823 992 2887 quo
1022 2805 1128 2890 paucis
1161 2805 1267 2870 uerbis
1301 2805 1380 2870 scitu

245 2910 431 2994 dignissima
460 2913 700 2992 componuntur,
735 2927 829 2991 quam
862 2909 1092 2993 prolegomena,
1127 2909 1238 2993 quibus
1273 2909 1381 2973 eadem

245 3013 345 3078 fusius
369 3017 554 3094 tractantur,
578 3013 795 3078 consulturum
811 3031 879 3078 esse
895 3013 1036 3079 arbitror.
1075 3015 1107 3078 in
1130 3013 1252 3079 indice
1275 3018 1380 3078 autem

245 3118 443 3184 uerborum
474 3123 509 3182 et
539 3119 794 3184 elocutionum
825 3137 897 3200 non,
929 3137 1010 3201 quae
1031 3119 1086 3184 uni
1109 3119 1224 3184 Fausto
1257 3117 1382 3202 propria

246 3227 360 3304 essent,
383 3222 496 3303 solum,
520 3222 574 3286 sed
598 3224 702 3304 etiam,
727 3241 805 3305 qnae
822 3223 937 3288 Fausto
959 3241 1030 3288 cum
1053 3221 1255 3308 scriptoribus
1278 3225 1382 3307 poste·

244 3329 360 3392 riorum
393 3331 569 3411 temporum
603 3328 782 3392 communia
815 3332 929 3410 essent,
963 3329 1116 3413 congessi,
1151 3327 1233 3410 quod
1267 3345 1304 3392 ea
1335 3331 1383 3390 est

245 3431 353 3496 Fausti
382 3432 524 3513 elocutio,
555 3435 591 3496 ut
620 3450 746 3516 prorsus
778 3432 890 3514 desint,
921 3451 1000 3514 quae
1031 3432 1113 3515 apud
1137 3433 1212 3497 alios
1241 3431 1381 3496 eiusdem

244 3537 354 3601 aetatis
378 3537 542 3621 scriptores
559 3535 695 3602 Gallicos
717 3537 967 3620 frequentissime
990 3538 1195 3620 reperiuntur.
1224 3554 1319 3619 quam
1343 3535 1382 3600 ob

243 3661 320 3722 ram,
352 3662 390 3707 nc
421 3643 489 3724 quis
516 3642 593 3707 talia
616 3644 643 3706 ei
666 3641 821 3722 obtrudat,
853 3647 962 3706 caueat
991 3647 1023 3707 et
1052 3642 1194 3726 inprimis
1224 3642 1256 3706 in
1287 3640 1381 3706 rebus

244 3747 282 3810 ad
306 3747 459 3830 syntaxin,
490 3764 570 3829 quae
600 3751 739 3826 uocatur,
771 3746 982 3829 spectantibus
1013 3747 1096 3812 intra
1126 3765 1178 3812 eos
1205 3745 1284 3810 hnes
1313 3763 1382 3809 sese

243 3852 410 3932 contineat,
439 3869 516 3934 quos
544 3852 576 3916 in
603 3852 703 3916 indice
730 3855 835 3916 nostro
864 3851 1029 3916 elocutioni
1052 3852 1238 3916 Faustianos
1265 3851 1383 3915 consti·

243 3960 327 4022 tutos
351 3955 474 4020 uiderit.

1010 4249 1050 4328 l.
1079 4247 1328 4368 Engelbreeht
