2920 4930
247 411 289 476 90
708 411 729 466 1.
749 413 793 466 De
811 413 920 481 gratia

246 609 280 652 se
302 607 364 653 non
388 590 529 673 ignorare
553 589 725 671 quamlibet
747 590 894 671 profanus
917 590 1053 654 ostendit
1075 590 1119 653 ita
1145 589 1265 652 dicens:
1296 607 1373 651 uere

246 695 335 757 deus
366 699 491 757 uester·
521 694 610 758 deus
640 694 790 758 deorum
821 699 877 759 est
900 698 935 759 et
958 695 1126 758 dominus
1150 712 1287 776 rogum.
1325 693 1373 754 sed

246 801 277 861 ct
299 799 427 862 Darium
460 800 528 879 quis
558 800 602 862 ita
631 799 668 861 do
699 799 754 863 deo
786 800 901 863 sentiro
932 803 963 862 et
985 799 1069 880 loqui
1100 798 1212 878 docuit,
1245 798 1302 862 nisi
1330 797 1373 859 uis

245 904 374 967 rationis
403 907 433 967 ct
455 903 532 986 legis
556 923 626 967 cum
651 904 804 968 Daniele?
838 905 931 968 deum
954 904 1155 968 conuersione
1179 903 1324 986 placari.
1366 950 1372 962 .

207 1037 218 1073 5
247 1055 1372 1073 ,,,,,,,,,,,,,,,,,,,,,,

682 1377 739 1460 <on
761 1378 939 1464 unururnrs).

289 1587 619 1601 .......
665 1537 748 1601 unde
777 1537 846 1617 fuit,
880 1536 960 1620 quod
992 1537 1084 1599 deum
1112 1554 1185 1599 curn
1208 1535 1372 1600 conditione

245 1642 389 1724 cognouit
411 1643 524 1706 irasci?
563 1661 623 1706 non
647 1643 729 1706 eninr
754 1660 869 1726 magna
891 1641 946 1706 illa
968 1641 1078 1705 ciuitas
1094 1641 1189 1705 Ionae
1210 1641 1373 1704 eruditione

194 1769 218 1806 ιο
244 1747 387 1830 resipiuit
408 1765 466 1810 nec
489 1748 554 1811 eius
577 1748 703 1811 monitis
727 1747 922 1810 intellectum
945 1745 1096 1828 petendae
1124 1745 1235 1809 salutis
1263 1743 1375 1825 accepit

244 1871 302 1915 nec
325 1853 427 1916 docuit
448 1853 597 1934 populum
621 1851 783 1934 propheta,
815 1851 869 1914 sed
899 1851 1019 1931 terruit,
1050 1869 1107 1914 nec
1136 1849 1374 1914 misericordiam

243 1957 395 2038 promisit,
418 1957 472 2020 sed
495 1955 716 2020 inmutabilem
740 1955 928 2019 sententiam
945 1955 1112 2034 nuntiauit,
1136 1957 1288 2018 ettamen
1304 1952 1374 2016 urbs

243 2063 307 2141 illa,
339 2063 418 2126 sicut
449 2063 598 2143 scriptum
631 2065 688 2142 cst,
720 2065 849 2126 contra
879 2079 980 2144 spem
1011 2062 1047 2124 in
1078 2079 1179 2142 spem
1210 2058 1373 2123 credidit.

244 2171 336 2248 atque
367 2167 435 2249 ipsa
465 2167 592 2231 sibimet
621 2167 758 2230 remedia
788 2165 1015 2248 quodammodo
1045 2165 1208 2229 interdicta
1238 2162 1376 2247 promisit

192 2295 216 2333 1
244 2272 381 2335 multum
403 2271 557 2352 placitura
579 2271 645 2350 deo,
670 2272 793 2335 etiamsi
816 2270 970 2354 promissa
993 2271 1173 2352 quaesisset.

287 2376 372 2456 Quae
392 2377 518 2458 quidem
533 2377 672 2440 remedia
687 2376 755 2438 idco
772 2375 928 2438 interdum
952 2393 970 2438 a
992 2375 1117 2438 domino
1134 2375 1376 2458 supprimuntur,

244 2485 279 2545 ut
294 2482 459 2544 uiolentius
476 2481 632 2562 adquisita
647 2484 819 2544 seruentur.
852 2479 1006 2560 simulque
1022 2480 1206 2562 interposite
1220 2477 1374 2542 obtinendi

244 2586 427 2650 difficultate
451 2586 525 2648 dum
550 2585 764 2649 munificentia
786 2584 996 2664 absconditur,
1019 2584 1096 2648 fides
1113 2582 1272 2666 probatur,
1297 2601 1377 2645 eror-

243 2694 331 2754 cotur
354 2690 501 2771 ambitus,
526 2689 745 2754 manifestatur
768 2689 909 2768 allectus,
933 2692 1096 2771 totumque
1119 2687 1231 2751 hocin
1255 2686 1377 2750 homine

191 2819 216 2858 ao
242 2796 323 2879 ignis
347 2796 475 2860 interior
498 2813 517 2859 a
539 2795 596 2858 deo
621 2796 733 2858 insitus
757 2797 788 2858 ot
811 2793 849 2857 ab
880 2793 1007 2858 homine
1034 2811 1105 2856 cum
1129 2793 1177 2856 dei
1200 2792 1303 2874 gratia
1325 2809 1378 2853 nu-

242 2903 332 2965 tritus
356 2904 510 2984 operatur.
549 2900 686 2964 ostendit
707 2899 812 2980 itaque
835 2917 912 2982 gens
936 2899 989 2962 illa
1013 2917 1059 2978 oa,
1090 2915 1170 2978 qnae
1201 2896 1295 2960 saluti
1326 2895 1378 2958 ho-

243 3007 334 3070 minis
358 3009 539 3088 conpetunt,
562 3005 630 3088 ipsa
653 3004 844 3068 ordinatione
859 3003 997 3067 facturae
1014 3004 1106 3065 deum
1123 3002 1205 3065 iutra
1219 3001 1375 3065 hominem

242 3111 420 3174 conlocasso
443 3113 474 3173 et
496 3111 569 3172 ante
592 3127 723 3172 munera
745 3107 949 3189 redemptoris
966 3107 1048 3170 circa
1061 3104 1279 3170 rationabilem
1296 3121 1379 3168 croa-

242 3219 344 3278 turam
366 3233 489 3296 semper
504 3213 637 3277 auctoris
654 3213 734 3276 dona
749 3212 888 3296 uiguisse
906 3229 924 3275 a
939 3211 1097 3275 conditore
1114 3209 1238 3292 quidem
1256 3225 1378 3273 summo

191 3345 216 3384 aa
242 3319 393 3402 praestita
430 3337 485 3400 pcr
519 3321 679 3397 naturam,
721 3317 775 3380 sed
809 3315 1023 3380 confirmanda
1056 3333 1111 3397 per
1141 3314 1285 3396 gratiam.
1327 3330 1379 3394 per

242 3423 387 3507 gratiam,
416 3423 554 3504 inquam,
586 3423 617 3485 in
648 3422 735 3484 cuius
768 3425 908 3504 tempore
937 3419 1173 3502 praeteritorum
1202 3417 1290 3481 salus
1317 3419 1381 3480 erat

242 3527 489 3593 consummanda
518 3527 728 3606 saeculorum,
763 3526 835 3608 quia
869 3524 946 3588 nilril
979 3523 1016 3588 ad
1047 3523 1220 3605 perlectum
1252 3521 1378 3586 adduxit

347 3701 373 3770 1]
392 3701 460 3756 Dan.
474 3702 499 3765 2,
512 3702 555 3756 47.
611 3700 655 3770 13]
674 3699 751 3752 Rom.
765 3701 790 3763 4,
805 3701 844 3754 18.

285 3860 301 3913 3
324 3861 351 3911 et
372 3857 444 3925 loqui
466 3857 573 3926 scripsi,
595 3853 699 3924 ueloqui
718 3855 752 3922 P,
775 3857 803 3908 ct
820 3853 942 3922 eloquio
1011 3855 1027 3908 4
1046 3851 1282 3922 Danubiumque,
1307 3851 1381 3905 dani·

241 3945 327 3998 helem
342 3946 376 4013 P,
394 3943 523 3998 Danielc
575 3941 758 4010 conuersione]
777 3957 852 4010 posse
870 3941 968 3996 addo
1021 3939 1133 4010 placari]
1152 3939 1259 3992 edocuit
1276 3939 1343 3994 add.
1356 3957 1383 4002 o;

241 4035 367 4088 locunum
385 4031 557 4087 statuendum
575 4047 628 4084 csse
646 4029 728 4086 docto
747 4031 776 4083 in
795 4029 864 4084 libro
887 4027 1013 4083 ‘Studien
1034 4029 1100 4081 abbe-r
1117 4026 1161 4082 die
1180 4027 1321 4095 Schriften
1339 4027 1382 4081 des

243 4117 381 4188 Fossam,
394 4137 424 4188 p.
438 4121 473 4171 13
531 4120 546 4171 6
564 4134 706 4171 nummum
723 4115 777 4168 XII
795 4122 819 4170 et
837 4116 920 4170 acrba
939 4114 970 4166 do
989 4113 1116 4168 ueuiuitis
1134 4113 1234 4168 addidi
1255 4131 1290 4169 cx
1308 4115 1383 4184 cupi-

243 4209 361 4263 tulorum
378 4205 476 4270 iudice,
495 4205 587 4260 onaP
650 4207 682 4258 10
701 4203 846 4271 resipuitc
912 4203 943 4258 14
962 4201 1063 4268 adquae
1082 4201 1109 4255 P
1171 4203 1203 4256 15
1220 4202 1385 4268 promisaP

243 4297 274 4348 17
294 4291 441 4360 sirnulquae
459 4293 487 4345 P
548 4292 580 4346 19
603 4293 758 4356 totumquae
782 4289 809 4342 P
877 4291 908 4343 21
934 4288 1039 4356 itaquae
1058 4288 1085 4341 P
1154 4289 1188 4342 23
1206 4285 1385 4342 colocasseP

242 4376 457 4432 rurationabilam
475 4379 502 4432 P
552 4379 586 4432 25
604 4375 734 4445 praescita
752 4393 768 4430 o
