2886 4928
536 437 633 494 Liber
651 437 664 492 I
683 439 759 495 '1-8.
1155 437 1217 503 113

78 615 158 679 dixit
178 614 298 695 Esaias,
329 614 453 697 quando
483 615 562 680 uidit
590 615 721 699 gloriam
752 613 807 679 filii
835 614 884 678 dei
911 617 942 678 et
963 615 1085 679 loeutus
1108 617 1157 679 ast
1179 615 1217 679 de

77 737 125 783 eo.
165 718 246 800 qnod
263 721 369 782 autem
385 718 468 782 idem
483 718 593 783 Esaias
613 717 700 782 dicit:
725 722 760 782 et
783 719 908 783 audiui
931 737 1057 783 uooem
1080 718 1218 783 domini

77 823 255 888 dicentis:
286 821 379 887 uada
407 826 443 887 et
469 823 527 886 dio
554 823 688 906 populo
711 822 809 887 huie:
838 822 1011 887 uidentes
1037 820 1217 887 uidebitis

78 931 114 994 et
139 945 211 992 non
233 925 427 1008 uidebitis,
458 927 541 992 hune
564 927 726 992 dominnm
748 928 906 1012 apostolus
929 927 1057 1008 Paulus,
1083 929 1120 991 ut
1142 925 1219 990 dixi·

76 1051 163 1112 mus,
179 1031 325 1122 spiritum
340 1033 485 1096 sanetum
502 1049 569 1096 esse
585 1030 758 1096 oonfirmat.
787 1032 874 1096 uides
887 1049 970 1115 ergo,
987 1032 1068 1114 quod
1080 1034 1218 1110 sanetus,
1245 1059 1258 1098 a

76 1139 218 1216 sanctas,
250 1139 389 1216 sanetus,
419 1135 496 1199 haee
525 1152 584 1200 uox
614 1137 714 1200 totam
744 1135 941 1200 eonoelebrat
970 1135 1153 1214 trinitatem,
1188 1139 1220 1198 et

76 1241 163 1305 sieut
184 1241 214 1304 in
237 1239 285 1304 his
309 1240 409 1304 tribus
436 1239 541 1304 uerbis
569 1241 656 1304 nulla
683 1239 913 1320 dissimilitudo,
944 1240 1031 1304 nulla
1054 1243 1101 1304 est
1131 1238 1219 1303 diffe-

76 1345 189 1424 rentia,
213 1345 258 1408 ita
280 1344 312 1408 in
336 1345 487 1408 trinitatis
509 1345 624 1409 uirtute
649 1345 736 1409 nulla
757 1347 860 1427 potest
883 1363 951 1408 esse
975 1343 1131 1408 distantia.

517 1732 560 1772 DE
582 1731 691 1774 ntffl’ro
714 1732 778 1774 Dur.
1247 1736 1272 1775 1⁰

124 1863 185 1931 Sed
208 1865 299 1930 dieis:
324 1885 359 1930 ex
383 1865 442 1930 hoo
457 1866 557 1930 minor
573 1885 642 1930 esse
658 1869 786 1930 sanetus
803 1865 930 1949 spiritus
947 1866 1108 1930 euidenter
1123 1883 1219 1950 agno·

79 1971 190 2050 soitur,
213 1971 295 2052 quod
319 1970 368 2034 dei
391 1970 507 2054 digitus
530 1974 736 2053 nuncupatur.
771 1971 901 2035 nonita
924 1973 980 2035 est.
1019 1971 1074 2034 sed
1097 1972 1219 2053 quando

79 2074 173 2139 andis
203 2075 240 2138 do
271 2075 381 2156 spiritu
412 2078 520 2140 saneto
550 2075 622 2139 diei:
658 2077 688 2140 si
723 2093 789 2159 ego
822 2076 859 2139 in
893 2075 1010 2159 digito
1040 2075 1097 2139 dei
1128 2075 1220 2140 eioio

80 2179 294 2258 daemones,
329 2197 391 2243 non
421 2179 537 2262 gloriae
567 2179 816 2260 diminutionem,
851 2179 906 2244 sed
940 2179 1134 2244 substantiae
1168 2179 1221 2244 de-

81 2284 252 2348 monstrari
282 2283 405 2348 noueris
437 2283 599 2364 unitatem,
634 2302 691 2348 noo
724 2284 849 2348 honoris
880 2283 1131 2368 disorepantiam,
1166 2283 1220 2347 sed
1248 2307 1273 2346 n

81 2387 184 2471 operis
208 2405 276 2452 esse
300 2387 504 2452 concordiam.
543 2389 736 2472 quidergo?
774 2388 848 2470 quia
871 2389 997 2472 spiritus
1022 2391 1148 2452 sanutus
1176 2388 1221 2451 di·

81 2492 168 2574 gitus
183 2491 341 2556 interdurn
356 2489 432 2576 (dei)
455 2492 577 2573 dieitur,
600 2493 668 2558 ideo
691 2494 792 2558 minor
814 2493 877 2557 filio
900 2497 932 2557 et
953 2496 1041 2576 patre
1065 2492 1221 2557 ereditur?

82 2595 191 2679 refuge
220 2597 314 2660 huius
344 2596 555 2679 persuasionis
583 2616 734 2678 errorem,
765 2596 877 2661 uidene
905 2597 1070 2679 aliquoties
1101 2597 1134 2661 in
1163 2597 1222 2660 hae

83 2699 298 2784 designatione
329 2700 420 2784 digiti
448 2705 479 2765 et
505 2705 627 2784 patrem
651 2701 882 2784 conprehendat
905 2705 937 2766 et
962 2700 1071 2766 filium.
1111 2700 1222 2765 memi-

83 2805 221 2870 nerimus
245 2824 308 2870 non
332 2805 369 2868 de
395 2824 457 2870 uno
481 2805 577 2890 digito
601 2805 717 2870 dietum
744 2825 822 2886 esse,
846 2823 918 2870 oum
938 2806 1086 2890 legimus:
1110 2823 1222 2887 quon·
1248 2827 1274 2865 eo

83 2909 156 2973 iam
185 2909 319 2975 uidebo
352 2910 475 2974 eaelos
499 2913 580 2974 tuos
604 2929 714 2992 opera
737 2910 941 2994 digitorum
963 2913 1119 2974 tuorum.
1166 2909 1221 2972 sed

84 3013 160 3078 diois
183 3015 214 3078 in
238 3014 345 3098 digitis
365 3015 403 3078 de
423 3013 485 3078 filio
501 3015 558 3079 hoe
574 3019 697 3079 tantum
714 3019 746 3079 et
761 3014 873 3098 spiritu
889 3017 996 3079 saneto
1012 3013 1070 3078 sub
1087 3012 1222 3096 quadam

84 3117 234 3184 dualitate
258 3119 386 3202 signari.
411 3139 449 3204 ne
473 3119 531 3184 hoe
554 3119 591 3183 de
616 3119 737 3183 duabus
759 3119 901 3202 personis
926 3119 1068 3182 adserere
1091 3119 1221 3198 coneris,

84 3221 147 3286 alio
168 3223 235 3288 loeo
258 3223 353 3287 trium
377 3227 500 3288 tantum
516 3223 624 3288 Esaias
648 3223 814 3308 digitorum
836 3240 965 3287 numero
981 3223 1118 3305 loquitur
1132 3223 1222 3286 trini-

85 3329 181 3391 tatem
203 3328 325 3392 dieens:
350 3327 432 3410 quis
453 3327 629 3411 appendit
645 3328 765 3392 tribus
782 3327 913 3412 digitis
929 3329 1061 3392 molem
1078 3330 1222 3392 terrae?
1249 3347 1274 3386 re

88 3430 162 3511 quid
185 3431 361 3496 euidentius
385 3431 422 3494 de
446 3432 592 3496 trinitatis
616 3432 746 3513 unitate,
774 3432 849 3514 quid
871 3433 1006 3496 elarius?
1044 3451 1146 3498 nonne
1173 3431 1224 3496 hie

133 3586 175 3655 13]
194 3585 257 3640 Luc.
273 3590 314 3650 11,
327 3589 368 3644 20.
422 3587 468 3656 20]
487 3585 585 3641 Psalm.
599 3591 623 3652 8,
636 3591 659 3642 5.
713 3587 759 3657 25]
779 3587 848 3641 Esai.
860 3589 902 3652 to,
917 3589 956 3642 12.

132 3725 255 3782 rursu>
305 3725 425 3781 terraer
476 3727 625 3796 metant
676 3727 858 3782 ersnnru
906 3708 1040 3794 4di
1089 3725 1227 3796 squar>

87 3801 238 3893 dmoelabrat
256 3841 283 3894 P
299 3841 360 3906 (oon
378 3841 523 3908 mauolt.)
575 3843 651 3895 ‘last
668 3858 718 3896 om.
732 3841 759 3894 P
809 3839 956 3896 Suaritata
975 3841 1003 3894 P
1053 3839 1180 3894 dissentio
1199 3841 1226 3894 P

89 3925 203 3980 llooP
249 3927 519 3996 spiritussanotuaP
563 3926 700 3981 euidenter
712 3945 792 3983 eme
840 3929 871 3982 12
885 3927 986 3996 quiaP
1030 3929 1061 3982 13
1074 3927 1114 3996 in]
1127 3925 1223 3996 spiritu

87 4009 134 4064 dei
146 4012 184 4066 uel
197 4014 224 4067 in
236 4015 299 4070 add.
311 4014 345 4082 P,
358 4014 454 4084 spiritu
468 4013 509 4068 dei
520 4013 562 4068 uel
573 4013 614 4068 dei
624 4017 723 4072 omaso
733 4014 775 4068 dei
784 4021 848 4084 poet
860 4013 944 4082 digito
957 4033 973 4069 o
1018 4016 1050 4069 14
1063 4013 1187 4068 demones
1200 4015 1227 4066 V

87 4099 220 4166 gratiaco
271 4101 520 4156 imminutioneme
574 4105 604 4158 17
624 4101 666 4155 dei
678 4103 786 4172 addidi,
803 4121 854 4158 ora.
868 4103 933 4158 latei
985 4101 1071 4171 patre]
1089 4100 1223 4154 interdum

87 4183 182 4241 addo
251 4191 282 4244 lo
301 4187 509 4258 eomprehendat
526 4189 554 4242 P
622 4189 821 4242 meminerimus
844 4190 871 4244 P
893 4189 933 4256 (er
954 4189 1052 4244 delatuit
1074 4205 1145 4242 mun.
1164 4188 1224 4256 alt.)

88 4273 126 4326 21
145 4271 245 4330 uideor
296 4277 356 4330 tuos
378 4277 473 4332 om.V
522 4277 556 4332 22
574 4275 614 4345 ot]
633 4275 741 4332 daadd.
755 4277 782 4330 P
832 4278 866 4332 23
885 4276 1039 4330 asserereP
1089 4276 1123 4330 24
1140 4274 1224 4328 trium

90 4385 311 4458 aerumma,
324 4391 430 4442 anuum
448 4389 575 4458 uuam
589 4389 617 4443 Ρ
667 4389 745 4443 isaiae
759 4389 786 4443 P
836 4391 870 4444 aa
882 4355 992 4442 uniatis
1009 4389 1068 4454 Vp
1081 4405 1152 4444 maa.
1165 4389 1226 4456 αιι.)

146 4477 194 4524 nt
208 4482 277 4524 rann.
1052 4478 1069 4526 8
