2924 4924
252 423 317 487 274
693 424 759 479 ΙΠΙ.
777 424 887 480 Sermo
907 427 947 482 13.

253 601 348 664 armis
364 601 556 684 spiritalibus
572 601 791 680 instruentem,
813 601 896 664 bella
911 605 1148 680 monstrantem,
1170 601 1310 682 praemia
1325 603 1387 682 pol·

253 705 409 768 licentem.
457 705 508 786 qni
536 723 607 768 cum
636 705 765 768 dixisset
792 705 952 787 discipulis
980 705 1058 769 suis:
1093 705 1130 768 in
1160 704 1228 768 hoc
1258 705 1387 768 mundo

252 827 465 892 pressuram
488 808 694 889 habebitis,
719 827 799 888 mos,
823 810 905 872 unde
928 827 979 872 cor
1003 809 1146 872 territum
1170 809 1386 887 consolaretur,

253 913 392 977 adiunxit
418 913 538 976 dicens:
570 913 634 977 sed
661 913 859 992 confidite,
890 914 975 994 quia
1006 932 1071 996 ego
1102 914 1176 978 uici
1207 913 1384 976 mundum.

213 1042 226 1080 a
252 1018 326 1099 quid
349 1035 422 1101 ergo
446 1017 607 1098 miramur,
631 1017 794 1096 carissimi,
818 1017 892 1081 siin
915 1017 967 1080 illo
984 1017 1060 1080 uicit
1081 1016 1275 1096 Uincentius,
1297 1034 1385 1098 aquo

252 1121 353 1184 uictus
376 1125 424 1184 est
446 1121 603 1184 mundus?
645 1121 681 1184 in
704 1121 785 1201 hoc,
808 1121 918 1202 inquit,
941 1121 1073 1184 mundo
1095 1138 1309 1202 pressuram
1331 1120 1385 1184 ha·

251 1223 405 1304 habitis,
436 1228 480 1305 ut,
511 1225 538 1289 si
567 1225 692 1309 premit,
723 1243 785 1290 non
812 1225 969 1308 obprimat
998 1228 1039 1304 et,
1070 1225 1096 1287 si
1127 1223 1298 1308 obpugnat,
1329 1243 1383 1288 non

252 1331 417 1412 expugnet.
1452 1317 1453 1338 1

294 1432 460 1515 Duplicem
495 1434 629 1498 mundus
664 1433 763 1498 aciem
797 1435 940 1516 producit
973 1437 1082 1498 contra
1115 1433 1231 1498 milites
1265 1432 1383 1498 Christi.

200 1564 225 1602 ιο
251 1536 413 1616 aduertite,
434 1538 558 1602 fratres.
590 1538 756 1619 duplicem,
773 1538 844 1617 diri,
860 1538 960 1602 aciem
976 1537 1112 1601 mundus
1128 1537 1270 1620 producit
1284 1543 1383 1600 contra

251 1641 367 1704 milites
384 1640 507 1705 Christi.
543 1641 703 1707 blanditur
726 1643 820 1722 enim,
844 1646 879 1706 ιιι
901 1642 1045 1725 decipiat,
1070 1645 1174 1722 terret,
1198 1645 1234 1706 ut
1257 1643 1381 1724 frangat.
1452 1661 1453 1740 ι

250 1764 311 1810 non
326 1764 382 1810 nos
396 1749 502 1810 teneat
515 1748 660 1829 uoluptas
674 1747 808 1830 propria,
823 1765 884 1811 non
901 1767 956 1812 nos
969 1750 1086 1810 terreat
1098 1747 1266 1811 crudelitas
1279 1746 1381 1810 aliena.
1452 1747 1453 1818 ι

250 1855 282 1914 ιι
302 1851 373 1932 qnia
389 1851 428 1914 ad
451 1855 600 1932 utrosque
616 1851 719 1914 aditus
743 1853 876 1915 occurrit
891 1851 1044 1932 Christus,
1067 1852 1168 1916 uictus
1185 1855 1234 1914 est
1257 1851 1382 1914 mundus

250 1959 281 2018 et
308 1973 370 2018 non
399 1955 534 2018 uincitur
557 1954 763 2019 Christianus
810 1956 835 2019 si
863 1956 1074 2019 consideretur
1101 1955 1132 2018 in
1160 1956 1222 2018 ista
1248 1955 1382 2036 passione
1451 1975 1453 2026 ,

197 2083 222 2123 ιι
249 2059 389 2122 humane
416 2059 580 2141 patientia,
608 2061 716 2142 incipit
746 2079 814 2124 esse
842 2059 1042 2138 incredibilis,
1074 2060 1100 2122 si
1128 2063 1314 2142 agnoscatm·
1342 2057 1383 2119 di·
1452 2133 1453 2144 ἵ

249 2164 324 2226 nina
346 2163 495 2244 potentia,
520 2163 634 2228 desinit
656 2183 725 2227 esse
749 2163 908 2227 mirabilia.
956 2167 1044 2226 tanta
1065 2161 1268 2246 grassabatur
1283 2161 1381 2225 crude·

249 2267 321 2329 litas
345 2267 375 2329 in
401 2267 545 2350 martyris
569 2286 694 2350 corpore
719 2271 750 2331 et
777 2271 866 2331 tanta
888 2267 1099 2348 tranquillitas
1122 2266 1332 2348 proferebatur
1355 2266 1381 2326 in

249 2388 336 2449 noce,
359 2375 446 2434 tanta
468 2389 639 2454 poenarum
662 2374 815 2454 asperitas
839 2369 999 2435 saeuiebat
1022 2371 1053 2434 in
1077 2369 1228 2434 membris
1251 2374 1281 2433 et
1301 2373 1382 2432 lauta

249 2475 400 2538 securitas
424 2474 556 2538 sonabat
578 2476 610 2538 in
634 2475 748 2554 uerbis,
773 2481 806 2539 ut
831 2475 909 2538 miro
933 2475 1024 2538 modo
1047 2477 1209 2558 putaretur
1225 2473 1380 2538 Uincentio
1451 2551 1452 2556 ἵ

197 2605 222 2642 ιο
249 2579 387 2661 patiente
410 2579 506 2642 alium
530 2583 584 2642 aut
605 2583 686 2643 certe
710 2581 806 2642 alium
831 2579 975 2660 loquente
999 2578 1161 2643 Uineentio
1184 2577 1324 2660 torqueri.
1451 2571 1452 2620 l

293 2682 333 2746 nt
359 2701 442 2762 uere,
470 2683 581 2746 fratres
605 2684 767 2763 carissimi,
795 2684 841 2746 ita
863 2687 939 2761 erat,
967 2701 1093 2764 prorsus
1122 2683 1167 2746 ita
1189 2685 1264 2746 erat.
1306 2681 1379 2744 alius

249 2786 443 2868 loquebatur.
489 2788 633 2869 promisit
656 2789 739 2852 enim
763 2791 795 2850 et
817 2788 875 2852 hoc
897 2787 1031 2850 testibus
1055 2787 1120 2851 suis
1144 2786 1295 2852 Christus.
1338 2784 1380 2847 sic

250 2893 333 2954 enim
356 2891 387 2954 in
411 2891 573 2974 euangelio
595 2893 680 2956 locut
667 2895 717 2956 tus
742 2896 789 2955 est
812 2892 886 2970 suis,
910 2909 988 2973 qnos
1004 2892 1043 2955 ad
1066 2890 1158 2954 huius
1183 2891 1265 2955 modi
1288 2891 1380 2952 certa-

249 3013 336 3059 mma
348 2994 698 3077 praeparabatnolitc
714 2995 981 3078 praemeditari
987 2990 1380 3076 ,quomodoaut<quid>

197 3125 222 3162 ιι
250 3099 465 3180 loquamini.
511 3117 582 3163 non
617 3101 713 3163 enim
748 3117 812 3163 uos
847 3101 954 3178 estis,
985 3099 1047 3182 qni
1080 3098 1292 3180 loquimini,
1319 3093 1378 3157 sed
1450 3077 1451 3128 l

351 3296 380 3365 2]
399 3297 491 3350 Ioann.
507 3299 547 3360 16,
559 3300 599 3352 33,
663 3297 708 3365 al]
728 3298 823 3350 Metth.
840 3301 879 3362 10,
894 3301 933 3353 19.

295 3473 306 3524 1
335 3471 541 3539 monstrantem]
570 3471 703 3524 adiutoria
730 3471 824 3525 minist
812 3473 929 3525 trentam
956 3471 1021 3526 odd.
1042 3472 1113 3541 nep.
1186 3475 1203 3528 3
1226 3485 1327 3541 psnram
1351 3465 1379 3520 D
1449 3475 1450 3480 ’

249 3561 329 3610 cort
330 3557 388 3625 e]
416 3558 502 3612 territi
530 3557 697 3611 conrsolarent
685 3561 730 3611 tur
757 3560 827 3628 Aup.
899 3561 915 3612 4
944 3557 1080 3612 adiuuerit
1102 3559 1131 3612 D
1201 3557 1324 3612 confidete
1351 3555 1379 3608 D

266 3670 319 3722 uici
339 3671 367 3724 D
420 3671 607 3739 ansgerius
627 3673 655 3726 D
717 3671 846 3738 dinquid
865 3673 894 3726 D
946 3671 1074 3740 psuraD
1131 3673 1292 3740 lntAaq,
1308 3671 1330 3720 et
1350 3667 1379 3719 D

249 3756 400 3825 obpmatD
454 3757 717 3826 12uoluntaspbria
736 3759 764 3812 D
820 3761 890 3812 laet
902 3757 1149 3826 quiaadntrosque
1166 3757 1254 3812 adibis
1271 3753 1378 3808 occurrit

249 3844 339 3898 Christ
328 3847 378 3907 tus,
398 3843 452 3897 uict
454 3861 484 3897 ns
503 3848 543 3897 est
531 3845 678 3898 tmundus
696 3847 804 3914 scripsi,
822 3849 849 3898 et
861 3845 923 3912 quia
935 3845 1051 3898 uictus
1034 3861 1048 3898 e
1061 3845 1089 3898 in
1101 3845 1143 3910 (in
1154 3849 1220 3911 ras.)
1233 3840 1340 3898 mundns
1353 3841 1377 3890 et

249 3931 282 3984 ad
305 3934 430 3999 utrosque
453 3931 539 3984 aditos
562 3933 678 3985 occurrit
702 3931 748 4000 x‘pl‘s
771 3933 808 3993 D,
833 3935 860 3985 ct
882 3932 969 3985 uictus
992 3935 1032 3984 est
1054 3931 1177 3986 mundus,
1206 3931 1239 3985 ad
1261 3937 1378 3992 utrosqm

248 4017 368 4072 anch.
388 4019 458 4086 Δις.
532 4020 563 4072 16
582 4018 723 4072 disinitD
795 4021 825 4074 17
845 4019 1027 4086 martyriisD
1098 4021 1129 4072 18
1148 4021 1224 4072 tanta
1242 4029 1379 4086 ροιιιιιιιιιι

248 4106 346 4173 eclipsi
358 4107 496 4172 (tantaque
509 4121 532 4172 p.
546 4107 638 4174 deep),
652 4109 692 4158 tot
704 4121 728 4173 p.
744 4106 772 4158 D
820 4105 942 4174 aspiritas
955 4104 1073 4158 seuiebat
1085 4107 1115 4159 D
1164 4108 1196 4161 19
1209 4101 1336 4172 cingentia
1350 4101 1380 4153 D

249 4193 282 4246 20
304 4191 420 4258 patiente
444 4194 524 4260 Aup,
545 4191 675 4258 patientia
698 4192 727 4246 D
750 4194 791 4258 (ia
814 4209 867 4247 ras.
892 4209 974 4262 suaper
999 4191 1129 4259 torqueri)
1200 4187 1326 4260 ningonb‘o
1352 4187 1381 4240 D

248 4279 281 4330 21
301 4277 338 4330 ita
356 4283 413 4330 erat
431 4279 511 4347 Aup,
530 4277 642 4330 iteratur
660 4279 689 4332 D
740 4295 850 4346 prossus
873 4280 902 4332 D
954 4281 988 4333 23
1007 4278 1155 4332 certamini
1174 4280 1203 4334 D
1256 4280 1287 4332 al
1304 4274 1380 4343 fam&

250 4361 334 4414 ditare
354 4365 382 4416 D
434 4363 497 4432 quid
516 4381 566 4418 om.
581 4365 609 4418 D
661 4364 805 4432 loquamini
826 4367 855 4420 D
