2954 4930
542 439 606 498 1111.
627 443 736 498 Sermo
754 445 796 499 27.
1176 443 1238 508 331

98 619 209 684 mnndi
233 620 326 684 huius
350 622 442 684 etde
466 619 527 683 fine
551 620 668 683 saeculi
691 620 826 684 clamare
855 637 917 684 non
945 619 1066 683 desinat
1087 620 1240 683 iustorum

97 725 238 805 praemia
261 727 292 788 et
314 727 512 806 peccatorum
536 723 687 807 supplicia
715 743 837 806 semper
865 723 1065 803 annuntians,
1093 727 1137 803 ut,
1165 723 1240 786 dum

96 829 143 892 illi
165 833 375 911 prouocantnr
398 829 437 892 ad
460 829 578 893 honum
602 832 634 892 et
655 829 700 892 illi
717 829 910 892 deterrentur
934 829 1060 907 amalo,
1084 829 1178 892 simul
1201 827 1238 891 ad

95 933 238 1015 praemia
261 938 389 998 aeterna
403 933 598 1016 perueniant.
638 933 720 996 unde
744 936 775 997 et
791 951 848 1015 ego
864 951 947 996 nunc
962 935 1239 1014 praesumptuosus

96 1055 168 1100 esso
191 1055 252 1102 non
277 1041 383 1103 metuo
399 1037 437 1100 de
453 1041 539 1101 tanto
563 1055 599 1100 ac
615 1037 670 1101 tali
686 1041 815 1119 patrono
838 1040 945 1100 nostro
960 1037 1109 1119 peculiari
1132 1040 1239 1100 saneto

95 1141 276 1224 Augustino
293 1141 475 1206 fiducialiter
492 1141 679 1224 praedicare.
709 1160 782 1220 non,
798 1141 937 1223 inquam,
953 1141 1239 1224 praesumptionem

95 1265 168 1310 esse
188 1250 304 1326 metuo,
329 1247 365 1326 si,
388 1265 459 1310 curn
483 1247 549 1328 ipse
573 1246 755 1328 spiritaliter
770 1247 897 1310 indutus
921 1264 957 1310 ac
972 1245 1131 1328 praeditus
1147 1245 1241 1309 luerit

95 1353 258 1414 tantarum
282 1351 352 1415 dote
376 1351 540 1430 uirtutum,
564 1351 652 1414 uelut
673 1368 772 1414 nuum
795 1369 846 1414 me
863 1353 1019 1414 extremae
1044 1350 1141 1414 uestis
1165 1367 1240 1414 suae

94 1453 244 1538 profitear
268 1473 336 1520 esse
359 1455 615 1534 tintinnabulum,
639 1458 675 1518 ut
697 1455 864 1520 inhaerens
888 1455 979 1536 quasi
1002 1455 1085 1518 circa
1107 1454 1241 1538 uestigia

94 1559 256 1623 doctrinae
278 1559 362 1622 illius
386 1579 422 1622 ex
445 1559 564 1622 meritis
589 1559 655 1623 eius
679 1577 790 1623 sonum
814 1558 900 1624 uocis
924 1559 1072 1640 accipiam
1096 1562 1127 1620 et
1149 1558 1239 1639 quasi
1268 1583 1292 1620 ro

95 1661 236 1727 motibus
260 1663 325 1726 eius
348 1664 392 1727 ita
416 1663 583 1728 uirtutibus
607 1663 756 1728 incitatus
773 1663 901 1726 reddam
917 1663 1238 1744 quantulumcumque

94 1768 248 1834 tinnitum
272 1771 304 1832 et
326 1785 454 1833 suorum
478 1769 782 1834 commemoratione
802 1769 985 1832 meritorum
1014 1767 1106 1832 corda
1132 1771 1239 1831 uestra

92 1873 231 1956 pulsem.

137 1977 232 2041 quta
247 1977 324 2042 haec
345 1981 460 2058 antem,
484 1981 520 2043 ut
534 1979 861 2058 commemorabimus,
885 1980 1080 2057 ornamenta,
1104 1995 1183 2058 quae
1205 1978 1238 2041 in

93 2085 207 2146 sancto
230 2080 410 2166 Augustino
434 2083 539 2147 diuina
560 2083 754 2166 indulgentia
777 2082 958 2147 meritorum
981 2082 1050 2146 lnce
1073 2081 1237 2161 concessit,
1265 2105 1291 2144 ιι

92 2188 191 2252 aliam
223 2186 325 2250 adhuc
352 2187 591 2252 similitudinem
621 2187 756 2272 legimus
786 2187 819 2250 in
849 2187 947 2250 ueteri
977 2189 1173 2251 testamento.
1220 2204 1238 2250 a

91 2292 200 2356 fronte
224 2290 308 2354 enim
327 2291 483 2373 pontificis
498 2295 664 2374 praetenta
686 2291 753 2356 auri
775 2291 893 2356 lamina
908 2289 1135 2374 praefulgebat,
1159 2308 1238 2372 quae

91 2396 215 2460 scilicet
237 2415 293 2477 per
315 2395 435 2460 metalli
462 2396 595 2460 nitorem
623 2399 794 2460 ostentaret
821 2395 1029 2460 conscientiae
1056 2395 1237 2477 puritatem.

92 2499 300 2564 nihilominus
324 2499 528 2582 coaptabatur
555 2500 584 2564 ei
611 2500 771 2564 humerale
793 2502 990 2583 gemmatum
1019 2502 1050 2562 et
1072 2517 1091 2562 a
1113 2502 1238 2581 pectore

91 2604 213 2669 monile
239 2603 421 2686 pretiosum,
453 2607 498 2684 ut,
529 2603 663 2686 qualiter
694 2604 820 2669 interior
849 2603 1035 2668 excolendus
1064 2607 1158 2683 esset,
1186 2623 1238 2666 en·
1264 2627 1290 2666 so

89 2707 218 2774 terioris
249 2725 371 2790 quoque
402 2708 538 2792 dignitas
570 2709 761 2772 admoneret.
812 2709 844 2772 in
877 2709 944 2790 ipso
974 2727 1096 2790 quoque
1130 2707 1237 2772 monili

92 2812 206 2877 Aaron
229 2812 373 2876 sacerdos
397 2812 525 2877 nomina
540 2812 675 2880 filiorum
691 2813 790 2876 Israel
813 2831 904 2895 opere
923 2811 1096 2895 gemmario
1120 2811 1238 2875 intenta

88 2916 252 3002 gestabat.
297 2917 378 2981 hauc
400 2917 506 2999 itaque
528 2915 591 3001 lut>
614 2935 703 2981 sacra
725 2917 808 2980 illius
831 2917 1015 2980 indumenta
1035 2915 1237 2998 magnificen-

90 3023 172 3086 tiam
209 3021 241 3084 in
275 3024 402 3085 sanctae
435 3021 657 3086 recordationis
692 3021 798 3086 domni
827 3020 998 3104 Augustini
1028 3019 1237 3084 laudabilibus

90 3124 252 3190 institutis
275 3128 307 3188 et
322 3125 516 3190 diuersarum
532 3126 703 3208 gratiarum
720 3124 912 3208 spiritalibus
932 3125 1110 3206 margaritis
1133 3124 1238 3207 splen·
1264 3148 1290 3188 ιι

90 3230 168 3294 dere
200 3229 384 3312 gandemus
416 3230 471 3294 sed
500 3230 531 3293 in
563 3230 616 3294 illo
647 3230 745 3294 multo
776 3229 910 3312 amplius
941 3229 1102 3310 multoque
1133 3228 1237 3292 uerius

90 3331 295 3416 splenduisse
322 3333 503 3416 probantur.
554 3351 634 3415 quae
662 3352 733 3398 cum
760 3333 792 3398 in
820 3333 905 3397 illius
932 3332 1039 3398 Aaron
1066 3332 1238 3416 imaginata

87 3436 212 3502 fuerint
234 3437 434 3518 indumentis,
457 3438 534 3502 haec
556 3438 589 3502 in
612 3437 696 3502 illius
719 3438 770 3502 uel
785 3439 887 3522 gratia
910 3437 1069 3502 euidenter
1089 3440 1163 3501 sunt
1186 3455 1238 3500 ex-

89 3559 206 3626 pressa
235 3541 287 3606 uel
317 3542 448 3606 meritis.
494 3542 526 3606 in
557 3541 611 3606 illo
642 3542 709 3606 auri
738 3543 857 3606 lamina
890 3542 1096 3606 eminentiam
1125 3541 1237 3606 frontis

87 3645 237 3725 ornabat,
259 3645 291 3709 in
314 3645 374 3710 hoc
396 3663 491 3710 aurea
513 3645 701 3710 uerecundia
724 3650 756 3711 et
771 3646 934 3711 sinceritas
949 3647 1086 3730 pretiose
1101 3647 1237 3710 hortem
1263 3669 1291 3710 ιο

89 3749 212 3815 mantis
240 3749 383 3814 inradiat.
430 3749 558 3832 antiqua
588 3751 642 3814 illa
671 3750 828 3834 peregrini
850 3749 961 3833 lapidis
991 3753 1177 3815 ornamenta
1207 3752 1238 3812 et

92 3853 221 3938 operosi
244 3851 362 3918 decoris
377 3853 515 3937 insignia
536 3854 582 3918 illi
598 3853 784 3918 uidebantur
804 3855 955 3938 apposita,
979 3855 1050 3919 huic
1066 3853 1237 3936 probantur

88 3959 217 4043 getiae
240 3957 386 4040 largitate
409 3976 567 4040 concessa,
591 3959 621 4022 in
647 3959 700 4023 illo
724 3959 909 4024 adumbrata
932 3963 1022 4024 crant
1045 3977 1140 4023 manu
1164 3958 1238 4022 arti-

133 4133 308 4188 sanorum
329 4131 356 4185 P
420 4135 451 4187 15
470 4149 535 4186 oum
554 4131 607 4186 luci
626 4133 819 4190 scribendum?
885 4137 917 4190 18
935 4131 1110 4188 conscientiae
1128 4134 1236 4202 scripsi,

87 4217 260 4273 constantiae
279 4218 306 4272 P
377 4221 409 4273 le
428 4217 617 4272 nichilominus
636 4220 663 4272 P
731 4221 765 4275 20
784 4219 884 4274 munile
901 4221 1021 4289 pelosum
1045 4221 1073 4273 P
1141 4235 1236 4288 exquo-

86 4305 188 4360 lendus
216 4305 244 4359 P
312 4306 344 4362 21
373 4303 490 4360 munilaa
517 4307 545 4360 P
613 4307 647 4362 22
674 4305 771 4360 israhel
800 4309 827 4362 P
895 4311 929 4366 23
956 4310 987 4362 ut
1008 4307 1115 4374 addidi,
1142 4325 1193 4364 om.
1211 4308 1239 4364 P

89 4397 126 4452 28
147 4391 251 4446 luerint
267 4393 374 4464 scripsi,
393 4392 500 4447 fuerant
521 4395 546 4448 P
598 4395 632 4450 30
649 4393 739 4464 pelosa
756 4395 784 4454 P
