2886 4928
243 405 304 470 156
621 407 656 461 H.
676 407 720 461 Do
739 407 860 477 spiritu
879 413 991 463 sancto

242 581 322 644 dem
344 582 470 664 posuit
490 583 577 646 deus
598 584 635 646 in
656 584 824 647 ecclesia.
856 585 909 665 qni
925 585 1000 648 deus
1017 585 1076 648 nisi
1092 585 1220 669 spiritus
1237 591 1368 662 sauctus

241 685 328 749 cuius
358 704 508 768 personae
539 687 675 752 ostendit
704 687 841 752 officium
872 687 1048 753 distributio
1077 690 1260 772 gratiarum,
1294 691 1367 753 sicut

240 789 412 854 continenti
451 809 594 855 sermone
633 792 847 874 subsequitur:
893 793 1033 876 posuit,
1069 793 1178 874 inquit,
1216 793 1304 857 deus
1336 794 1367 856 in

241 894 400 958 ecclesia
421 895 577 977 primum
601 897 806 978 apostolos,
830 897 991 960 secundo
1013 897 1231 980 prophetas,
1262 898 1368 962 tertio

201 998 426 1078 edoctoreS,
462 999 592 1064 deinde
622 1000 799 1080 uirtuteS,
834 1001 916 1064 exin
946 1001 1090 1084 gratias
1125 1002 1368 1079 curationum,

240 1103 526 1185 opitulationem
542 1103 849 1188 gubernationem,
865 1123 1002 1190 genera
1016 1105 1237 1189 linguarum.
1269 1125 1367 1188 quos-

240 1205 335 1286 dam,
364 1209 474 1289 inquit,
505 1209 594 1272 deus
617 1209 745 1291 posuit
766 1210 803 1274 in
827 1210 997 1274 ecclesia.
1036 1210 1117 1293 quod
1147 1210 1198 1274 hic
1220 1211 1312 1274 deum
1334 1210 1368 1273 de

240 1310 351 1394 spiritu
367 1316 474 1376 sancto
490 1313 610 1393 dixerit,
636 1313 715 1396 ipsa,
738 1331 817 1396 quae
833 1314 872 1378 ad
895 1315 1038 1398 spiritum
1062 1317 1205 1379 sanctum
1228 1315 1367 1398 pertinet,

239 1413 428 1497 dispensatio
451 1417 731 1482 sanctificationum
754 1418 967 1500 uirtutnmque
984 1419 1172 1484 manifestat.
1207 1422 1274 1503 ipsc
1290 1420 1366 1483 enirn

187 1543 212 1580 ιο
238 1519 459 1602 prophetarum
475 1538 529 1586 ora
543 1521 722 1605 locupletat,
745 1522 938 1587 curationum
954 1523 1093 1588 remedia
1108 1523 1278 1606 dispensat,
1301 1523 1367 1586 cha·

238 1623 402 1688 rismatum
432 1629 615 1690 ornamenta
645 1627 847 1710 multiplicat,
882 1646 941 1710 qno
971 1628 1003 1692 in
1037 1629 1193 1712 apostolos
1223 1627 1367 1692 influente

238 1727 331 1792 deum
354 1729 444 1793 illum
467 1731 679 1795 uniuersitatis
703 1751 770 1795 csse
794 1731 952 1816 signomm
976 1733 1127 1798 miracula
1149 1737 1180 1798 et
1194 1733 1367 1817 linguarum

239 1831 362 1896 diuersa
384 1852 499 1918 genera
522 1836 708 1900 cecinerunt.

768 2080 840 2144 XII.

188 2221 211 2260 ¹⁵
238 2237 289 2278 ua:
311 2239 379 2296 nos,
404 2240 457 2287 om
478 2239 616 2281 seramus
642 2241 749 2282 sunem
773 2241 920 2282 eumenum
944 2240 1263 2299 nrnncrrsuur,1rr
1287 2239 1368 2281 niem

237 2325 411 2367 enomcnnn
433 2327 569 2386 pannon,
598 2327 638 2369 ur
665 2329 753 2370 naun
780 2327 925 2368 nonrnnn
948 2329 979 2369 ru
1002 2327 1143 2370 coneoan
1169 2327 1365 2368 ennianum.

157 2473 163 2486 ·
280 2459 337 2524 Ait
355 2462 458 2543 itaque
479 2463 636 2546 apostolus
656 2462 695 2528 ad
711 2462 902 2528 Corinthios:
924 2463 1093 2544 nescitis,
1114 2463 1199 2545 quia
1218 2479 1369 2546 corpora

238 2569 364 2629 uestra
394 2567 574 2648 templum
604 2571 663 2632 eet
691 2567 850 2651 spiritus
885 2567 1016 2632 sancti.
1061 2567 1214 2649 templum
1245 2567 1367 2650 spiritus

238 2670 338 2734 sancti
368 2671 522 2754 templum
553 2691 621 2736 cese
651 2671 700 2736 dci
728 2671 945 2755 praecedentia
968 2672 1107 2736 eiusdem
1135 2671 1285 2753 epistolae
1308 2669 1368 2733 cui·

185 2797 210 2835 20
236 2774 345 2838 denter
368 2775 539 2857 insinuaut,
562 2793 635 2840 cum
658 2776 779 2841 dicunt:
810 2794 855 2842 an
878 2775 1052 2856 nescitiS,
1084 2775 1170 2857 quia
1191 2775 1367 2856 templum

237 2878 295 2942 dei
334 2879 425 2943 estis
464 2885 500 2944 et
538 2880 695 2964 spiritus
730 2885 883 2945 sanctus
915 2879 1063 2946 habitat
1095 2881 1131 2944 in
1165 2878 1294 2943 uobis?
1336 2879 1367 2940 et

237 2983 392 3065 spiritus
417 2989 585 3065 sanctus,
608 2985 720 3066 iuquit,
743 2983 950 3048 habitatin
973 2983 1090 3048 uobis.
1128 2985 1197 3066 quis
1220 2983 1291 3047 illos
1315 2982 1369 3045 du·

237 3086 315 3152 bitat
337 3088 403 3152 eius
420 3089 469 3152 dei
485 3109 553 3154 csse
569 3090 734 3172 templum,
757 3090 844 3153 cuius
861 3107 929 3153 esse
945 3087 1115 3172 probantur
1136 3087 1368 3152 habitaculum?

237 3195 362 3256 etcum
386 3193 526 3258 dixisset:
557 3194 728 3274 nescitis,
752 3193 838 3276 quia
860 3210 1015 3276 corpora
1036 3195 1165 3256 nestra
1191 3191 1367 3272 templum

185 3320 210 3358 :s
237 3299 295 3359 est
325 3297 481 3379 spiritus
512 3297 649 3377 sancti,
679 3298 724 3361 ita
754 3297 923 3379 capitulum
953 3296 1112 3360 luculenta
1140 3295 1272 3358 ueritate
1299 3312 1368 3357 con-

236 3400 343 3465 clusit:
373 3401 603 3484 glorificata,
634 3401 746 3484 inquit,
777 3405 812 3465 et
842 3404 991 3484 portate
1018 3399 1123 3463 deum
1151 3399 1187 3462 in
1217 3416 1368 3482 corpore

237 3509 372 3568 uestro.
412 3523 484 3588 ergo
514 3505 566 3588 qui
597 3505 719 3589 spiritui
750 3509 857 3570 sancto
888 3505 1025 3570 studiose
1047 3501 1193 3587 puritatis
1216 3503 1368 3585 templum

235 3613 400 3692 praeparat
428 3609 460 3674 iu
491 3610 592 3691 corde,
621 3628 677 3693 per
708 3610 886 3674 castitatem
914 3613 945 3674 et
971 3607 1243 3674 mortificationem
1270 3606 1369 3670 carnis

340 3791 383 3860 ll]
405 3794 416 3846 1
432 3790 490 3846 Cor.
504 3795 528 3856 6,
543 3795 582 3848 19.
636 3791 682 3860 20]
703 3795 714 3846 l
730 3791 788 3846 Cor.
802 3793 826 3856 3,
842 3793 881 3846 16.
934 3789 979 3858 26]
1001 3791 1013 3845 1
1028 3788 1086 3844 Cor.
1100 3791 1124 3852 6,
1137 3789 1179 3844 20.

280 3957 484 4014 lecclesiamo
537 3957 583 4025 qui
602 3956 636 4010 d?
652 3957 712 4024 PR,
731 3955 796 4025 quid
815 3959 910 4010 sunto
962 3953 1163 4010 lecolesiamo
1216 3951 1369 4009 bexindee

236 4070 441 4124 'lecoleaiamo
511 4036 677 4138 9disperl⁵tic
697 4071 723 4124 P
793 4073 825 4124 lO
843 4035 965 4137 dipensat
983 4069 1011 4121 P
1030 4067 1054 4133 (s
1073 4085 1144 4121 ernau.
1161 4067 1221 4132 ott.)
1291 4064 1368 4118 caris-

236 4163 338 4211 matum
359 4159 411 4213 PR
470 4161 499 4214 ll
520 4157 646 4227 apostolis
665 4177 680 4210 o
739 4157 880 4214 radicosa
898 4155 925 4210 P
982 4157 1013 4210 18
1032 4159 1129 4210 sunto
1181 4155 1267 4208 suncti
1286 4171 1369 4210 ome

235 4247 269 4298 20
291 4245 357 4298 dicit
379 4246 412 4314 Ρ,
436 4245 533 4300 dicitur
557 4265 570 4300 u
628 4248 673 4324 Ι22
696 4249 803 4298 sanctus
827 4262 877 4300 om.
902 4243 929 4296 P
1001 4240 1043 4296 dei
1063 4249 1126 4310 poet
1149 4241 1238 4309 inquit
1259 4241 1322 4295 odd.
1346 4239 1371 4293 Ρ

236 4361 269 4422 25
286 4362 302 4414 ἔ
319 4363 354 4432 P,
372 4365 435 4416 sunt
452 4361 480 4419 R
531 4364 565 4420 26
583 4326 706 4430 glblicate
726 4361 754 4418 P
769 4357 804 4426 (ri
823 4375 894 4416 mon.
907 4357 966 4423 cll.)
1019 4354 1112 4425 inquid
1130 4355 1157 4410 Β
