2920 4928
513 427 757 497 Prolegomena.
1081 429 1200 485 XXXIII

118 597 259 664 Faustum
290 605 360 666 ortu
388 602 576 667 Britannum
607 603 703 668 fnisse
734 623 770 668 eu
801 605 866 668 eius
897 604 1041 687 operibus
1070 605 1199 670 minime

83 704 242 787 conieceriS,
273 725 331 770 nec
361 710 469 772 tamen
499 708 652 773 sermonis
683 707 782 789 latini,
812 713 848 772 ut
877 709 922 772 ita
952 709 1064 789 dicam,
1095 709 1200 793 gallici

81 809 197 892 uestigia
225 811 286 874 nisi
316 829 442 894 perraro
472 812 503 876 in
535 813 578 876 ais
608 813 798 896 inuestigare
829 813 1005 896 legentibus
1037 814 1197 896 contingit.

81 915 267 995 proprietates
292 918 375 979 enim
399 915 471 980 illae
495 916 616 980 dicendi
638 903 845 999 plurimarum
868 917 1065 1000 scriptorum,
1093 917 1199 999 quiin

80 1013 167 1081 Gallia
195 1019 324 1084 saeculo'
351 1020 460 1102 quinto
490 1021 643 1101 luxerunt,
674 1021 762 1085 uelut
790 1039 850 1085 uox
879 1019 1040 1084 medicata
1069 1039 1199 1104 praepo-

81 1119 185 1186 sitionis
218 1124 288 1187 uice
322 1128 472 1208 usurpata
501 1125 617 1208 (italice
647 1123 819 1202 mediante,
852 1125 964 1209 gallice
997 1135 1198 1210 augeamur,

79 1225 238 1302 germanice
261 1223 408 1310 mittete),
439 1225 515 1288 iada
537 1226 635 1288 iotiac
659 1226 733 1288 laiac
756 1227 880 1311 (gallice
907 1226 958 1314 ca)
981 1229 1048 1292 loco
1076 1228 1198 1310 phrasis

80 1324 110 1387 dc
129 1350 172 1407 ea,
198 1329 273 1408 ista,
302 1331 363 1393 hac
384 1352 419 1392 rc
442 1331 593 1412 adhibita,
616 1331 666 1393 ila
688 1330 774 1416 quod
796 1351 868 1396 curn
891 1332 1057 1396 indicatiuc
1081 1333 1197 1396 dictum

79 1449 123 1511 pro
149 1433 195 1496 ita
224 1433 302 1520 (oie)
331 1443 370 1498 ut
397 1439 429 1499 et
454 1437 581 1517 similia,
611 1425 728 1500 liustra
757 1436 839 1520 apud
866 1435 1017 1501 Faustum
1047 1438 1198 1518 requiras,

78 1537 146 1615 quod
167 1539 255 1604 facile
279 1540 458 1622 explicatur,
487 1541 513 1603 si
540 1545 722 1622 reputamus
746 1559 922 1605 sermonem
945 1541 1102 1624 puriorem
1129 1541 1199 1605 lati-

77 1657 141 1704 num
169 1644 350 1729 scriptorem
381 1648 524 1709 nostrum
551 1645 734 1709 addidicisse
762 1645 794 1708 in
825 1645 937 1710 scholis
964 1645 1198 1726 monachornm⁷

77 1760 127 1808 non
146 1747 173 1810 in
193 1749 356 1830 palaestris
377 1749 546 1828 rhetorum,
567 1767 644 1831 quas
665 1749 726 1813 illis
745 1745 938 1832 temporibus
958 1749 1033 1813 satis
1055 1749 1198 1831 frequen-

77 1849 147 1912 tatas
175 1851 270 1916 luisse
302 1851 427 1934 Sidonii,
457 1853 605 1916 Mamerti
636 1851 813 1933 Claudiani,
844 1853 975 1916 llnnodii
1005 1853 1223 1934 aliorumque¹

76 1953 206 2034 operibus
232 1957 434 2040 intellegitur.
473 1957 529 2020 sed
559 1958 596 2020 de
626 1957 686 2020 hac
716 1977 749 2020 re
779 1958 878 2021 fusius
909 1957 1138 2040 disputauimus
1165 1957 1198 2020 in

75 2055 182 2140 lilocllo,
215 2058 501 2148 Untcraualouapau
531 2059 610 2123 {lber
641 2059 694 2123 die
725 2059 870 2146 Spraalrc
900 2059 953 2122 des
987 2057 1196 2124 Claudianus

74 2155 252 2240 Mamertae,
276 2163 479 2228 Uindobonae
504 2163 597 2246 1885,
620 2185 650 2248 p.
675 2163 714 2226 13
734 2185 799 2248 sqq.
847 2166 910 2229 iam
937 2166 963 2228 si
986 2165 1195 2229 addiderimus
1262 2179 1264 2184 ·

30 2331 33 2340 1
76 2262 211 2332 lanatum
234 2287 268 2332 se
292 2268 394 2352 ipsum
419 2269 601 2350 saepissime
625 2269 796 2333 enscmbere
817 2269 956 2352 singulas
977 2287 1080 2349 noceo,
1103 2269 1197 2352 phra-

73 2385 126 2450 ses,
136 2370 156 2454 ¹)
178 2373 384 2457 sententiasll
407 2373 608 2437 adamantem
628 2375 698 2457 plus
715 2374 813 2438 semel
829 2375 987 2456 repetitas,
1010 2373 1197 2458 grauissima

72 2489 199 2556 quaeque
215 2477 254 2540 de
274 2477 382 2541 Fausti
406 2477 526 2541 dicendi
549 2497 662 2561 genere
683 2477 825 2541 attulisse
846 2477 935 2541 nohis
957 2477 1107 2541 addemur.
1139 2497 1196 2541 nee

71 2579 166 2643 tamen
195 2581 296 2644 lacere
327 2582 466 2663 possum,
498 2582 572 2663 quin
600 2581 724 2646 Erasmi
751 2581 950 2646 Roterodami
979 2582 1127 2644 iudicium
1158 2583 1195 2645 de

73 2677 167 2747 Fausti
186 2685 343 2750 scribendi
363 2690 429 2750 arto
449 2685 589 2766 afferam,
612 2687 664 2768 qui
684 2687 716 2750 in
736 2686 928 2768 praelatione
949 2685 1091 2750 editionis
1111 2686 1196 2768 prin-

70 2786 139 2868 cipis
167 2789 317 2856 librorum
347 2791 385 2855 de
414 2791 526 2876 gratia,
557 2809 651 2873 qnam
679 2791 801 2855 curauit
826 2791 968 2854 Basileae
999 2788 1091 2871 1528,
1118 2791 1196 2854 haec

71 2887 150 2954 licit:
179 2893 213 2956 iu
242 2891 320 2956 otilo
338 2892 449 2980 facilc
477 2916 624 2981 apaooceo
647 2894 801 2980 phrasim
826 2893 990 2980 pullicum.
1038 2903 1083 2956 est
1113 2893 1195 2956 caim

63 2989 196 3072 floridae
227 3019 265 3060 ac
295 3019 485 3061 roumcraoue
516 3008 544 3060 et
571 2997 736 3061 iucundae
763 2998 866 3084 anapia
893 3020 990 3084 quam
1016 2998 1196 3060 uehemens:

70 3097 183 3178 qualem
205 3100 357 3165 uidemur
381 3101 552 3166 dictionem
574 3101 738 3165 Eucherii
765 3112 794 3164 et
817 3100 973 3187 Sulpicii,
1000 3123 1076 3164 uam
1102 3101 1195 3164 Hila-

71 3199 135 3264 rius
151 3253 158 3266 .
174 3256 180 3269 .
197 3205 368 3270 ardentior
391 3216 436 3270 est
458 3229 514 3270 aec
532 3205 673 3292 perinde
697 3205 876 3269 dilucidae.
912 3205 963 3270 hic
981 3205 1124 3268 Faustus
1148 3205 1195 3268 di-

69 3301 204 3372 lucidior
215 3309 365 3388 Hilario,
377 3309 561 3396 simplicior
572 3309 750 3389 Eucherio,
762 3311 910 3374 ocuarior
921 3308 1070 3394 Sulpicio
1082 3309 1195 3374 stilum

68 3408 211 3478 adhibuit
238 3415 284 3476 ad
307 3413 482 3478 cloccarium
505 3414 720 3500 aptissimum,
745 3415 968 3500 perspicuum,
996 3413 1194 3492 distinctam,

69 3509 185 3579 breucra
205 3540 262 3582 aaa
285 3517 456 3582 iaoaaaera
479 3529 593 3582 tamea.
628 3541 667 3582 aa
689 3519 809 3582 ueteris
833 3519 1012 3582 testamenti
1035 3517 1142 3594 libris,
1166 3519 1195 3581 ei

68 3639 127 3698 qula
148 3621 234 3700 citat,
257 3621 396 3686 adducit
419 3623 514 3686 iuncta
539 3621 755 3710 Septuaginta
780 3621 1037 3700 translationem,
1060 3645 1098 3685 aa
1121 3623 1194 3708 qais

69 3717 140 3786 ilica
162 3725 260 3790 radat
281 3727 493 3814 scripturam.

71 3889 264 3904 Ἡ

108 4005 126 4068 ¹)
145 4003 200 4057 lum
221 4005 324 4074 pridem
348 4005 399 4058 uiri
425 4005 495 4059 docti
518 4005 644 4058 uiderunt
666 4005 775 4074 phrases
792 4023 849 4060 aaa
865 4007 906 4060 itu
924 4013 969 4074 ast,
991 4007 1134 4074 redditis,
1154 4024 1192 4060 sc·

66 4089 157 4156 quitur
172 4097 194 4146 a
211 4093 277 4148 dicit
295 4097 323 4146 et
340 4093 440 4146 similia
458 4092 556 4146 Fausto
574 4093 721 4162 peculiares
739 4109 802 4146 esso.

105 4179 127 4244 ²)
146 4177 265 4246 Siugrrlus
277 4181 423 4234 sententias
436 4181 533 4233 iterum
546 4183 624 4248 atque
638 4181 734 4234 iterum
753 4197 769 4232 a
787 4179 885 4233 Fausta
904 4179 1037 4234 adhibitas
1056 4196 1085 4232 ex
1098 4179 1194 4234 strrdiis

67 4263 164 4316 noenia
180 4265 210 4319 de
227 4266 317 4322 lhnsti
336 4267 442 4336 scriptis
461 4285 485 4338 p.
499 4271 532 4323 35
546 4281 601 4336 sqq.
621 4271 648 4321 et
665 4285 690 4336 p.
704 4271 738 4322 66
750 4283 805 4335 sqq.
825 4283 974 4334 cognosces.

116 4461 170 4508 ΠΙ.
181 4464 248 4508 muer.
1024 4475 1039 4508 e
