2920 4930
252 421 294 486 66
426 404 440 414 ”
714 419 735 474 1.
754 421 797 474 De
815 419 925 489 gratia

294 597 358 663 Nos
379 602 484 664 autern
503 597 666 682 geminum
685 597 743 662 hoc
762 597 794 660 in
814 596 862 661 dei
882 594 1027 678 operibus
1050 594 1167 659 bonnm
1190 592 1387 676 inseparabili

251 706 429 768 consertum
456 703 592 766 fatemur
619 701 778 783 amplexu,
808 701 888 765 sicut
913 701 1062 784 legimus:
1094 698 1386 764 misericordiam

252 811 288 872 et
307 808 484 872 indicium
505 807 663 871 cantabo
684 806 768 887 tibi,
792 807 953 888 domine,
977 811 1008 870 et
1023 807 1150 870 itemm:
1175 805 1386 868 misericors

251 913 419 976 dominus
436 915 472 976 et
492 913 614 976 iustus
635 915 671 976 et
689 911 778 976 deus
796 915 922 976 noster
938 911 1192 990 miserebitur,
1213 910 1385 974 etiterum:

212 1045 224 1084 a
252 1017 464 1082 misericors
488 1021 524 1080 et
547 1017 741 1080 miserator
764 1019 800 1080 et
825 1017 945 1080 iustus
974 1015 1152 1082 dominns.
1197 1032 1272 1079 nam
1294 1013 1386 1078 mise-

249 1122 345 1185 ricors
372 1125 420 1184 est
442 1124 474 1184 et
500 1121 532 1184 in
555 1120 707 1204 perdicca,
734 1120 787 1202 qui
814 1120 941 1202 inquirit
964 1125 996 1184 et
1021 1105 1134 1184 inuitat
1155 1121 1309 1197 obanter,
1336 1117 1386 1199 qrri

250 1225 302 1288 diu
325 1225 459 1290 sustinet
481 1225 708 1306 delinquentes.
756 1228 786 1288 et
810 1225 890 1288 sicut
912 1225 1027 1288 solem
1055 1243 1161 1288 sunm
1183 1223 1273 1287 oriri
1295 1221 1386 1286 iacit

251 1347 361 1412 super
381 1329 497 1393 bonos
518 1333 553 1394 et
576 1330 691 1394 malos
713 1329 862 1411 etpluit
882 1347 991 1411 super
1010 1328 1130 1392 iustos
1154 1331 1189 1392 et
1211 1327 1385 1404 iniustos,

250 1434 295 1497 ita
317 1437 464 1516 utrosque
487 1433 699 1498 indifferenter
719 1433 837 1498 lumine
860 1433 987 1496 rationis
1011 1433 1150 1515 inpleuit,
1174 1432 1289 1496 honore
1309 1431 1386 1494 ima-

201 1562 225 1601 ιο
250 1537 332 1621 ginis
353 1557 427 1601 suae
448 1538 556 1618 induit,
581 1539 620 1602 ad
639 1538 773 1622 gratiam
794 1537 1015 1620 redemptionis
1031 1537 1218 1620 generaliter
1233 1535 1383 1599 euocauit.

250 1642 333 1706 itane
354 1642 528 1706 misericors
548 1644 581 1707 in
600 1643 653 1707 illo
674 1661 736 1706 non
756 1643 822 1722 init,
843 1642 875 1706 in
894 1661 987 1724 quem
1004 1645 1093 1705 tanta
1107 1641 1273 1724 congessit,
1293 1659 1385 1722 quem

250 1746 288 1810 de
316 1748 458 1830 neglecta
484 1750 515 1811 et
541 1747 663 1830 perdita
689 1747 900 1811 misericordia
926 1745 1096 1810 iudicabit?
1140 1746 1202 1809 iam
1228 1744 1306 1809 illnd
1328 1744 1385 1808 mi·

250 1851 333 1914 noris
364 1851 479 1934 negotii
510 1855 571 1932 est,
603 1855 639 1915 ut
668 1869 742 1934 erga
772 1851 940 1933 adquisitos
971 1851 1052 1915 siout
1082 1849 1314 1914 misericordem
1342 1851 1386 1912 ita

250 1955 367 2019 iustum
399 1974 467 2019 esse
498 1955 673 2020 doceamus
724 1956 838 2036 iustus,
868 1956 1009 2037 inquam,
1041 1957 1071 2018 et
1101 1955 1183 2018 circa
1213 1972 1279 2034 eos,
1310 1971 1386 2036 quos

199 2088 224 2127 re
251 2061 379 2143 suscipit
401 2063 607 2140 reuertentes,
633 2077 710 2142 quos
734 2077 795 2124 uon
819 2059 934 2124 deserit
956 2059 1149 2140 laboranteS,
1177 2076 1254 2141 quos
1278 2057 1386 2142 dignos

250 2163 346 2228 elficit
365 2164 507 2228 libertate
528 2163 660 2228 fideliter
680 2165 860 2228 seruientes.
899 2163 1072 2228 haereticus
1094 2167 1197 2227 antem
1217 2163 1286 2227 ideo
1306 2163 1386 2226 circa

250 2269 349 2333 malos
373 2273 467 2352 neget
490 2268 731 2348 misericordem,
757 2269 914 2350 quianon
937 2269 1034 2334 credit
1055 2268 1195 2332 oblatam
1217 2268 1313 2332 inisse
1336 2285 1386 2330 sa·

248 2373 324 2437 lutis
347 2374 468 2454 copiam
490 2372 550 2453 his,
575 2373 628 2455 qni
650 2372 836 2436 delabuntur
856 2373 888 2436 in
912 2377 1054 2436 mortem.
1093 2372 1161 2437 ideo
1184 2373 1266 2436 circa
1287 2371 1386 2436 bonos

249 2494 310 2540 non
339 2478 449 2541 asserit
475 2477 607 2558 iustum,
635 2478 707 2560 quia
733 2477 810 2542 nihil
838 2477 882 2541 eis
911 2478 1056 2541 aestimat
1077 2494 1133 2560 pro
1156 2476 1268 2541 humili
1290 2476 1386 2540 deuc-

144 2621 148 2630 ·
198 2609 225 2648 ro
249 2582 332 2646 tiene
356 2583 524 2646 conlatum.
562 2583 736 2646 misericors
760 2600 832 2666 ergo
856 2587 913 2662 est,
936 2583 1009 2664 quia
1031 2585 1064 2646 et
1086 2582 1177 2646 malis
1201 2582 1315 2664 ingerit
1336 2599 1386 2645 ra·

249 2686 342 2750 tionis
366 2686 561 2750 intellectum
581 2691 612 2750 et
630 2685 777 2750 bonitatis
798 2685 956 2767 affectum,
978 2687 1090 2767 iustus,
1114 2687 1187 2768 quia
1209 2685 1384 2750 oboedienti

247 2792 391 2873 proponit
412 2791 597 2872 praemium,
620 2791 731 2871 iustus,
755 2791 828 2872 quia
850 2791 973 2854 nullum
995 2791 1099 2856 saluat
1121 2791 1264 2854 inuitum.

291 2895 399 2977 ltaque
420 2896 578 2977 apostolus
600 2894 765 2979 magnifice
785 2895 824 2958 ad
843 2896 959 2960 denum
979 2897 1097 2979 gratiae
1116 2895 1252 2960 cilicium
1268 2893 1386 2958 laboris

247 2999 388 3083 adiungit
422 3001 466 3064 ita
499 3001 620 3064 dicens:
655 2999 889 3064 laborantem
924 3001 1126 3084 agricolam
1160 3003 1309 3083 oportet
1344 2998 1386 3061 de

195 3129 220 3168 re
246 3103 435 3168 fructibus
459 3105 636 3186 accipere.
671 3121 741 3168 ecoe
762 3104 916 3186 quomodo
933 3104 991 3169 sibi
1008 3103 1181 3169 admirabili
1197 3103 1386 3168 commercio

247 3207 354 3272 diuina
381 3212 411 3272 et
437 3207 576 3273 hnmana
602 3208 769 3272 sociantur.
815 3209 854 3273 ad
877 3209 1104 3274 oboedientiam
1128 3209 1263 3292 pertinet
1286 3207 1385 3284 labor,

246 3313 366 3376 fructus
396 3331 470 3377 uero
500 3311 614 3376 laboris
645 3313 684 3376 ad
713 3313 858 3396 gratiam.
909 3317 940 3378 et
969 3314 1096 3378 iterum:
1127 3313 1384 3394 unusquisqne

246 3417 432 3500 propriam
450 3416 655 3480 mercedem
672 3417 832 3500 accipiet
854 3418 1056 3482 seeundum
1077 3436 1181 3482 suum
1201 3417 1384 3496 laborem,

247 3539 318 3584 cnm
350 3521 493 3586 dominus
523 3521 556 3585 in
584 3522 746 3604 euangelio
778 3521 873 3586 dicet:
902 3540 981 3586 cum
1006 3522 1174 3586 feceritis
1201 3521 1306 3602 haec,
1334 3521 1385 3596 dj-

194 3650 220 3689 ac
247 3625 333 3689 cite:
365 3626 464 3689 serni
494 3625 665 3706 inutileS,
696 3625 790 3708 qnod
820 3625 1014 3690 debuimus
1045 3626 1182 3706 facere,
1213 3625 1383 3689 lecimus.

348 3789 377 3858 2]
390 3788 489 3842 Psalm.
505 3791 596 3853 100,1.
651 3789 678 3859 3]
692 3787 789 3844 Psalm.
806 3791 896 3854 114‚5.
951 3789 1197 3860 5]Psn1m.111‚4.
1243 3789 1383 3858 ullam.

246 3877 270 3938 5,
283 3877 324 3930 45.
378 3875 424 3944 24]
444 3879 460 3931 2
478 3875 546 3930 Tim.
565 3878 589 3940 2,
603 3879 626 3932 6.
680 3877 725 3946 27]
746 3879 759 3932 1
780 3875 838 3931 Cor.
857 3879 882 3942 3,
895 3879 919 3932 8.
975 3877 1021 3946 29]
1040 3876 1102 3932 Luc.
1124 3879 1218 3942 17,10.

288 4021 439 4092 6perditos
458 4038 523 4091 quos
540 4041 558 4078 o
609 4023 769 4094 lsnstinet]
788 4024 829 4078 sui
848 4027 921 4078 tenet
940 4025 967 4078 P
1017 4027 1193 4093 9utrosqnae
1206 4025 1234 4079 P
1285 3983 1383 4080 indiie

245 4111 333 4162 renter
351 4111 379 4164 P
431 4112 463 4165 12
482 4109 633 4164 neclictaP
683 4111 842 4166 iudicauito
895 4111 1384 4180 llinquam1eumestadumuom?

247 4198 278 4250 16
296 4196 428 4249 hereticus
446 4197 474 4251 P
525 4198 559 4252 22
577 4197 674 4266 iustus]
688 4199 855 4253 lernaeae
907 4200 941 4254 23
954 4198 1099 4266 itaquaeP
1149 4198 1344 4267 adegrinum
1360 4201 1387 4254 P

245 4285 278 4336 25
301 4281 461 4336 ammirabili
481 4285 508 4338 P
575 4286 608 4338 27
627 4284 822 4353 unusquisquae
841 4285 868 4338 P
918 4287 970 4364 029
988 4301 1050 4338 cnm
1068 4285 1193 4340 dominus
1210 4289 1319 4356 scripsi,
1343 4303 1384 4340 se·

244 4367 362 4422 cundum
381 4370 415 4438 P,
434 4368 579 4423 secundum
597 4369 668 4438 quod
686 4389 703 4424 o
755 4370 855 4426 dicite
907 4373 940 4427 30
958 4371 1079 4440 inutiles]
1098 4373 1308 4429 samosatae
