2954 4930
242 417 306 482 392
488 429 490 432 ·
746 418 874 474 Ruricii

241 593 369 658 haereas
393 591 517 674 affectu,
548 593 603 658 sed
633 593 717 658 dicas
746 593 850 677 potins
878 593 1002 658 domiuo
1030 611 1101 657 cum
1123 593 1288 676 propheta:
1324 591 1384 656 ad·
1467 628 1468 642 κ

241 698 365 762 haesit
386 698 509 762 anima
532 715 611 763 mea
632 701 717 781 post
739 703 789 779 te,
814 716 868 762 me
891 702 1015 762 autem
1039 697 1204 780 suscepit
1226 697 1384 762 dextera

241 807 318 883 tua,
349 803 400 866 uel
423 801 500 866 illud
523 803 632 866 etiam:
664 803 754 866 mibi
781 806 903 866 autern
931 802 1131 866 adhaerere
1154 802 1220 865 deo
1241 800 1383 865 bonum

242 909 311 986 est,
334 924 470 989 ponere
486 906 523 970 in
539 906 603 969 deo
627 925 728 990 spem
753 923 884 986 meam,
908 909 952 986 ut,
976 908 1093 988 quanto
1116 904 1221 987 labore
1243 909 1383 986 quanta·

202 1028 300 1092 sque
329 1009 479 1074 instantia
510 1009 651 1074 militasti
681 1011 814 1090 saeculo,
849 1010 967 1074 seruias
999 1010 1056 1074 deo
1086 1009 1206 1074 dicente
1235 1009 1382 1091 apostolo

241 1114 291 1178 uel
307 1117 469 1178 monente:
492 1114 691 1178 humanum
715 1115 795 1180 dico
810 1118 962 1198 propter
977 1114 1235 1179 infirmitatem
1250 1113 1382 1177 carnis
1468 1117 1469 1130 ³

241 1221 400 1282 uestrae.
435 1218 533 1282 sicut
557 1218 653 1282 enim
669 1217 895 1282 exhibuistis
912 1217 1076 1282 membra
1091 1221 1217 1282 uestra
1231 1217 1382 1281 seruire

241 1322 492 1386 inmunditiae
521 1325 558 1386 et
586 1322 794 1404 iniquitati,
825 1323 877 1386 ita
904 1341 1000 1386 nuuc
1023 1321 1193 1386 exhibete
1216 1321 1384 1385 membra

240 1429 367 1490 uestra
390 1425 531 1490 seruire
554 1426 724 1490 iustitiae
740 1426 776 1490 in
793 1426 1160 1490 sanctificationem*
1183 1443 1263 1488 cum
1280 1426 1382 1489 enim

190 1555 215 1594 ro
241 1530 341 1593 serui
365 1530 499 1594 essetis
515 1531 674 1613 peccati,
697 1530 809 1594 liberi
825 1531 938 1594 eratis
955 1531 1132 1594 iustitiae.
1167 1547 1274 1611 quem
1290 1549 1382 1613 crgo
1469 1537 1470 1544 ’

240 1634 403 1698 fructum
433 1632 623 1698 habuistis
655 1636 757 1715 tune,
788 1635 824 1698 in
853 1633 987 1716 quibus
1011 1652 1107 1698 nunc
1130 1633 1383 1698 erubescitis?

241 1755 323 1802 nam
346 1739 435 1802 finis
458 1738 608 1802 illorum
632 1755 728 1802 mors
752 1741 817 1802 est.
854 1756 949 1801 nunc
973 1757 1057 1802 uero
1080 1737 1230 1801 liberati
1253 1755 1273 1800 a
1295 1756 1384 1820 pee-

240 1845 337 1923 cato,
369 1842 468 1906 serui
498 1845 621 1906 sutem
649 1841 743 1906 facti
765 1843 830 1906 deo
853 1827 1001 1906 habetis
1024 1842 1185 1906 fructum
1207 1844 1383 1906 uestrum

240 1947 276 2010 in
300 1946 668 2026 sanctificationem,
692 1945 807 2010 finem
831 1964 917 2010 uero
940 1946 1056 2010 uitam
1080 1949 1281 2010 aeternam.

188 2077 212 2116 rr
282 2050 480 2114 Paenitentia
494 2051 548 2130 ita,
572 2049 668 2114 irater
684 2049 854 2130 carissime,
875 2067 937 2114 non
956 2049 1083 2114 nomine
1103 2052 1151 2113 est
1170 2047 1383 2131 suscipienda,

239 2153 293 2218 sed
316 2171 418 2236 opere,
442 2171 504 2218 non
527 2171 579 2216 ore
595 2153 812 2217 tautummodo
829 2153 959 2238 agenda,
984 2153 1038 2216 sed
1055 2153 1155 2218 corde.
1189 2170 1301 2215 uemm
1318 2159 1383 2234 est,
1471 2213 1472 2238 ,

239 2257 330 2339 quod,
360 2257 441 2320 sicut
462 2260 603 2339 utroque,
627 2257 685 2322 hoc
709 2261 757 2321 est
778 2259 924 2322 interiore
947 2257 1073 2321 homine
1097 2260 1129 2320 et
1151 2255 1300 2320 exteriore
1326 2257 1384 2320 de·

238 2361 418 2443 linquimus,
448 2361 492 2425 ita
520 2365 551 2426 et
577 2365 709 2444 utroque
731 2363 891 2444 paenitere
923 2359 1083 2441 debemus,
1114 2365 1159 2440 ut,
1190 2359 1271 2424 sicut
1302 2360 1383 2426 dicit

239 2465 321 2529 idem
344 2465 516 2546 apostolus:
548 2467 658 2531 corde
681 2466 848 2530 creditur
871 2466 913 2530 ad
936 2465 1138 2544 iustitiam,
1169 2483 1227 2529 ore
1250 2467 1383 2529 autem

186 2595 212 2634 re
239 2569 426 2633 consessio
456 2569 503 2633 iit
535 2571 572 2634 in
603 2571 777 2652 salutem,
808 2571 851 2635 ita
880 2570 1016 2655 gemitus
1047 2588 1099 2634 cor
1130 2573 1271 2633 nostrum
1303 2586 1383 2632 con-
1472 2607 1473 2630 t

238 2673 367 2737 scientia
389 2678 605 2758 conpungente
629 2675 790 2758 concipiat,
822 2679 857 2740 ut
879 2693 931 2739 eos
954 2692 987 2739 os
1011 2677 1154 2738 nostrum
1177 2691 1229 2756 per
1252 2673 1383 2736 confes-

238 2778 356 2841 sionem
386 2777 576 2842 coniusionis
607 2777 754 2843 effundat.
801 2777 1078 2861 quinquagesimus
1113 2793 1186 2840 uero
1220 2777 1382 2858 psalmus,

237 2880 290 2962 qui
311 2880 505 2963 paenitudini
532 2881 621 2946 datur
643 2882 760 2964 pariter
783 2885 814 2946 et
836 2881 1021 2962 remissioni,
1052 2881 1101 2944 die
1124 2883 1278 2961 noctuque
1302 2899 1381 2945 eum

237 2984 340 3067 rugitu
362 2983 498 3066 fletuque
522 2989 674 3065 cantetur,
697 2989 733 3049 ut
756 3005 829 3050 uere
852 2989 884 3050 et
906 2983 1071 3049 salubriter
1094 2985 1152 3048 dici
1175 2983 1288 3066 possit:
1319 3004 1381 3048 ru·

185 3113 210 3153 ss
237 3087 383 3170 giebam
407 3105 425 3151 a
447 3089 588 3171 gemitu
612 3089 733 3152 cordis
757 3089 842 3170 mei,
868 3093 911 3153 et:
935 3089 1159 3170 iniquitates
1182 3105 1283 3152 meas
1308 3107 1379 3172 ego

237 3209 396 3274 agnosco
420 3195 456 3255 et
478 3192 657 3257 delictum
680 3212 800 3257 meum
823 3197 1030 3258 contremo
1054 3195 1111 3256 est
1133 3210 1294 3273 semper,
1324 3195 1378 3258 uel

236 3294 312 3359 illud
336 3295 445 3359 etiam:
477 3297 649 3378 quoniam
680 3297 922 3379 iniquitatem
945 3315 1062 3362 meam
1086 3314 1150 3380 ego
1173 3298 1379 3378 pronuntio

237 3401 270 3462 et
294 3399 467 3483 cogitabo
490 3419 554 3483 pro
576 3405 727 3482 peccato
756 3419 843 3466 meo.
889 3402 940 3466 hio
963 3401 1047 3466 enim
1070 3405 1142 3465 ante
1166 3418 1222 3465 nos
1244 3409 1379 3482 peccata

236 3505 344 3568 nostra
366 3522 434 3568 esse
458 3503 582 3585 debent,
606 3508 641 3570 ut
656 3506 688 3570 in
705 3509 867 3570 aeternum
883 3509 1061 3570 contrarios
1078 3523 1146 3568 esse
1163 3505 1378 3587 nonpossint,

183 3633 209 3672 eo
236 3607 308 3689 quia
330 3607 373 3671 ita
392 3607 506 3692 legitur
521 3609 743 3691 inprophetis:
767 3610 823 3674 dic
846 3614 884 3674 tn
906 3610 1007 3693 prior
1030 3608 1250 3690 iniquitates
1274 3613 1379 3690 tuae,

236 3715 275 3776 ut
296 3711 533 3778 iustificeris.
581 3731 682 3794 aquo
705 3715 822 3796 priores
847 3714 958 3778 dicturi
982 3731 1090 3778 sumus
1113 3713 1293 3796 iniquitates
1317 3733 1378 3779 no-

281 3875 284 3881 *
339 3865 566 3936 uestraene.
603 3867 630 3936 3]
644 3867 846 3934 sionnam,
887 3867 1092 3938 equinum.
1135 3869 1379 3938 191R0u1.1o‚10.

234 3951 279 4022 24]
299 3951 397 4007 Pselm.
412 3955 453 4018 37,
466 3955 490 4008 9.
536 3953 785 4024 25]Psalm.50.5.
834 3951 879 4024 27]
893 3955 1043 4020 Psalmssi,
1056 3957 1094 4010 19.
1140 3955 1379 4025 3o]Essi.43‚2u.

278 4093 294 4145 3
317 4089 442 4144 adherere
468 4093 491 4148 S
560 4095 576 4147 8
599 4091 714 4146 exhibite
739 4094 762 4148 S
831 4095 861 4147 ll
886 4092 961 4162 tunc]
985 4091 1085 4146 inillis
1103 4095 1306 4165 eseb'eripudri
1321 4097 1379 4152 ΚΓ.

235 4175 429 4233 erubisoitisS
499 4181 530 4234 15
549 4178 711 4246 patientior
782 4179 821 4232 ita
838 4199 889 4236 om.
904 4199 918 4235 o
991 4181 1021 4234 17
1041 4183 1068 4234 et
1085 4181 1213 4234 exteriore
1231 4180 1382 4239 hominen

237 4265 464 4332 laetaris
515 4267 548 4320 22
571 4263 837 4334 qunqusgesimos
889 4265 1037 4334 psalmus
1087 4268 1121 4321 23
1140 4265 1278 4322 dicatuso
1334 4285 1380 4322 re-

234 4349 403 4406 missioneS
453 4353 487 4406 27
505 4352 695 4420 pronuncies
746 4355 779 4408 30
798 4354 892 4420 quaS
1228 4379 1232 4393 ·
