2920 4930
242 403 285 468 ‘10
704 403 725 458 1.
744 404 789 458 De
806 406 915 473 gratia

242 581 418 645 stridentem
444 581 586 662 protinus
614 579 736 644 dedisse
763 581 916 645 rationem
943 581 981 645 de
1008 581 1124 663 causis,
1150 585 1277 664 propter
1304 601 1377 665 quas

242 702 303 750 non
326 685 454 749 uideant
480 703 579 767 oeque
606 685 811 769 intellegant?
842 685 915 767 quie
941 686 1047 750 audire
1075 691 1107 750 ct
1132 687 1251 766 uidere,
1280 687 1377 751 idest

242 790 423 872 intellegere
447 795 478 853 et
504 789 646 853 oboedire
673 790 848 854 noluerunt.
894 789 979 872 quia,
1007 791 1123 872 iuquit,
1154 809 1224 855 non
1255 809 1377 856 omues

242 893 445 959 oboediunt
461 895 673 978 euangelio,
694 894 767 975 quia
781 897 859 958 tota
878 894 936 957 die
956 895 1132 977 expandit
1150 913 1279 960 manus
1296 913 1377 960 suas

103 999 106 1005 ’
201 999 286 1064 sad
315 999 490 1082 populum
521 1017 592 1062 nou
623 999 834 1062 credentem
866 1003 902 1063 et
930 999 1267 1082 contradicentem,
1303 1001 1378 1064 siout

243 1103 336 1166 etiam
353 1121 408 1186 par
424 1123 457 1166 se
473 1103 537 1166 iam
553 1103 696 1167 domiuus
712 1103 863 1185 loquitur:
887 1103 990 1166 filios
1013 1105 1124 1188 genui
1147 1108 1184 1168 et
1206 1105 1377 1184 excitaui,

243 1207 315 1288 ipsi
346 1211 472 1272 autem
503 1227 558 1272 me
589 1211 828 1290 spreuerunt,
860 1209 1042 1272 etiterum:
1073 1209 1251 1290 quoniam
1282 1209 1378 1273 dore·

243 1312 435 1393 liquerunt
461 1330 591 1376 uenam
620 1329 796 1393 aquarum
825 1313 1034 1376 uiuentium
1061 1313 1264 1393 dominnm,
1293 1317 1326 1378 et
1349 1314 1377 1376 iu

243 1415 364 1479 actibus
393 1417 618 1498 apostolomm:
650 1416 837 1497 uidentes
868 1417 982 1498 iuquit,
1013 1416 1143 1481 turbas
1173 1417 1301 1481 Iudaei
1330 1435 1378 1481 re-

192 1544 217 1584 ιο
243 1521 334 1602 pleti
355 1525 442 1585 sunt
464 1521 542 1584 zelo
566 1525 601 1584 et
623 1520 932 1585 contradicebant
954 1521 1025 1602 his,
1047 1539 1137 1604 quae
1160 1521 1312 1586 aPaulo
1334 1521 1379 1584 di·

243 1623 434 1706 cebautur,
452 1625 759 1708 blasphemantes
776 1625 874 1688 uiam
887 1625 1037 1706 domiui,
1055 1626 1185 1690 etitem:
1201 1625 1378 1704 instabat,

243 1729 355 1810 inquit,
379 1729 492 1793 uerbo
516 1730 663 1793 Paulus.
679 1729 895 1793 testificans
919 1728 1066 1793 ludaeis
1090 1749 1171 1794 csse
1193 1729 1378 1794 Christum

243 1833 376 1897 Iesum,
423 1833 771 1899 contradicentibus
806 1837 928 1898 autem
957 1835 1036 1898 illis
1064 1839 1100 1898 et
1126 1834 1380 1916 blaspheman-

243 1938 344 2002 tibus
368 1940 558 2003 excutiens
586 1939 813 2002 uestimenta
842 1957 908 2002 sua
938 1939 1047 2002 dixit:
1079 1939 1231 2022 sanguis
1259 1942 1380 2002 uestcr

193 2065 216 2104 a
244 2061 353 2126 super
376 2047 488 2124 caput
511 2047 678 2106 uestrum
701 2043 785 2123 erit,
812 2043 968 2106 mundus
992 2061 1058 2126 ego
1085 2061 1126 2106 er
1153 2043 1221 2107 hoc
1247 2044 1318 2107 iarn
1341 2041 1379 2106 ad

207 2159 210 2172 ·
243 2151 375 2230 gentes
399 2147 539 2210 uadum.
579 2147 943 2227 contradicentibus
973 2147 1082 2229 iuquit,
1113 2147 1193 2211 illis
1225 2151 1261 2211 et
1284 2145 1380 2211 blas·

243 2249 518 2333 phemuntibus
555 2251 635 2332 uide,
658 2252 812 2332 quomodo
834 2252 972 2316 remedia
993 2251 1106 2335 ingerit
1129 2251 1267 2315 medicus
1290 2256 1322 2316 et
1336 2271 1381 2314 re·

244 2361 334 2419 cusat
357 2360 512 2439 aegrotus.
537 2375 669 2438 quorum
692 2356 840 2420 duritiam
864 2357 956 2420 etiam
984 2356 1095 2420 beatus
1119 2355 1296 2438 Stephanus
1318 2355 1381 2440 pari

245 2461 427 2525 auctoritato
446 2462 585 2543 increpat
608 2461 728 2524 diceus:
752 2461 1006 2524 incircumcisi
1029 2461 1137 2525 corde-
1160 2463 1196 2524 ot
1218 2460 1381 2538 auribus,

192 2587 218 2627 ao
246 2584 309 2628 uos
334 2585 478 2648 semper
502 2566 654 2648 spiritui
677 2569 806 2629 sancto
829 2565 1042 2628 restitistis.
1077 2583 1147 2628 eooe
1167 2583 1263 2646 quare
1279 2565 1381 2628 uidere

246 2689 307 2734 nou
329 2675 474 2752 possunt:
502 2671 575 2752 quia
600 2669 723 2753 spiritui
751 2673 857 2734 sancto
885 2669 1036 2733 resistunt
1058 2672 1149 2750 atque
1174 2687 1193 2732 a
1215 2689 1249 2732 se
1272 2669 1382 2733 clausis

245 2779 356 2858 sponte
379 2775 477 2839 oculis
497 2776 604 2839 lumen
621 2774 761 2838 ueritatis
778 2775 955 2838 excludunt.
990 2773 1071 2855 quod
1087 2791 1159 2856 ergo
1175 2773 1207 2836 in
1224 2774 1384 2857 euangelio

245 2882 384 2961 seqnitur
397 2885 429 2944 et
441 2880 528 2944 dicit:
546 2899 588 2942 ue
601 2880 696 2944 forte
709 2879 826 2943 oculis
843 2878 996 2942 uideant
1012 2881 1046 2941 et
1062 2877 1215 2941 auribus
1231 2879 1383 2942 audiant

246 2988 281 3047 et
301 2985 409 3048 corde
432 2985 659 3067 intellegant
682 2987 718 3046 et
741 2986 1010 3046 conuertentur
1034 2987 1069 3046 et
1091 2999 1217 3045 sanem
1241 3001 1318 3062 eos,
1342 3001 1385 3044 ne

193 3109 218 3148 ss
247 3090 369 3171 possint
391 3090 530 3152 conuerti
554 3092 647 3170 atque
672 3087 785 3166 sanari,
809 3086 952 3150 obdurati
975 3087 1074 3150 cordis
1097 3087 1209 3150 uitium
1234 3091 1265 3150 et
1287 3103 1386 3169 poena

245 3193 364 3275 peccati
388 3197 444 3256 est.
484 3213 531 3272 nc,
559 3193 668 3274 inquit,
696 3195 966 3256 concertantes
994 3195 1029 3254 et
1057 3209 1182 3254 sanem
1211 3209 1282 3254 cos
1324 3208 1384 3253 non

246 3297 295 3360 hic
319 3298 486 3360 sanitatem
511 3296 686 3360 uolentibus
710 3296 855 3380 denegat,
879 3295 933 3358 sed
957 3294 1202 3359 contradicentes
1226 3313 1260 3358 sc
1276 3311 1386 3358 sanare

247 3402 339 3482 nolle,
363 3402 393 3464 id
417 3405 465 3465 est
488 3420 549 3466 uon
565 3401 677 3464 dobere
695 3401 884 3484 pronuntiat.
919 3400 957 3463 ad
974 3399 1195 3463 conferendum
1212 3399 1385 3462 remedium

246 3505 483 3588 promptissima
506 3510 553 3569 est
574 3504 699 3570 bouitas
724 3505 845 3585 medici,
869 3504 924 3568 sed
943 3503 1184 3586 intemperantia
1203 3503 1389 3568 contradicit

350 3679 378 3748 3]
400 3679 476 3732 Rom.
499 3682 537 3742 10,
557 3681 596 3732 16.
667 3678 695 3746 4]
717 3678 792 3730 Rom.
812 3681 851 3740 10,
869 3680 916 3740 21;
938 3677 1007 3730 Esai.
1025 3679 1067 3759 db,
1084 3679 1107 3731 2.
1183 3677 1212 3746 6]
1232 3676 1301 3730 Esai.
1324 3681 1346 3742 l,
1364 3679 1386 3732 2.

247 3766 275 3834 7]
289 3765 382 3818 ierem,
397 3768 437 3830 17,
450 3767 488 3820 13.
543 3763 750 3834 9]tct.13,45.
806 3762 1016 3834 11]Aot.18,5.
1072 3763 1115 3833 19]
1135 3763 1284 3828 Aetati.
1343 3763 1387 3831 23]

246 3853 342 3906 Matth.
359 3855 398 3916 13,
413 3855 451 3907 15.

293 4012 415 4063 lcarrsos
429 4010 456 4062 P
506 4009 682 4075 2nequaeP
732 4007 824 4061 ddiae
838 4007 865 4060 Ρ
916 4005 1057 4076 crpnrrdio
1109 4022 1209 4061 nreaso
1261 4007 1388 4075 bgcuui]

247 4093 335 4149 aiulo
393 4094 644 4162 iderelinquerunt
663 4095 690 4148 P
744 4091 870 4148 dturbas
889 4111 975 4150 omo
1030 4097 1059 4148 ll
1079 4093 1211 4147 iterumn
1248 4095 1280 4148 13
1300 4099 1389 4148 autem

247 4181 301 4236 illis
319 4199 398 4237 onao
458 4183 488 4236 14
507 4182 666 4234 executientes
682 4223 687 4234 .
702 4223 707 4232 .
722 4179 845 4233 dixerunt
863 4181 890 4234 P
947 4183 979 4237 18
998 4183 1106 4248 egrotus
1124 4179 1153 4233 P
1208 4179 1342 4234 duriciam
1365 4181 1391 4234 P

248 4271 279 4324 21
300 4268 442 4336 adquaoP
493 4271 525 4323 24
544 4272 571 4320 et
587 4274 649 4323 corle
667 4269 948 4323 concertanturcm.o
1001 4270 1034 4322 25
1053 4265 1196 4334 adquaeP
1247 4268 1281 4322 29
1301 4283 1390 4337 prorn-

249 4356 353 4410 tissima
371 4357 398 4412 P
