2920 4930
267 407 310 472 84
731 409 752 462 1.
771 407 816 461 De
834 408 942 476 gratia

265 583 453 665 primordiis,
484 584 538 648 sed
562 584 725 648 dumtaxat
746 585 778 648 in
801 583 910 648 mediis
932 583 1049 667 gratias
1073 582 1223 664 speciales
1246 584 1277 646 et
1299 601 1335 646 ex
1356 598 1398 644 ao·

267 689 389 753 cedenti
418 689 564 771 largitate
595 689 757 752 uenientes
788 689 934 752 uoluntas
965 691 1073 753 nostra
1100 687 1156 750 deo
1178 688 1222 750 ita
1245 686 1397 750 ordinante

266 793 440 876 praecedat.
475 793 649 857 utrum'ita
672 794 723 874 sit,
747 810 836 856 sacra
858 793 1086 875 interrogemus
1110 791 1240 872 eloquia.
1274 791 1398 874 legimus

266 897 298 960 in
323 898 484 980 euangelio
508 898 663 963 dicentem
687 899 862 962 donrinum:
894 897 981 979 quid
1012 896 1082 960 tibi
1107 897 1165 960 uis
1188 896 1344 960 faciam?
1372 897 1398 956 et

228 1003 395 1068 aiterum:
427 1003 483 1065 uis
512 1021 623 1067 sanus
655 1003 765 1066 lieri?
811 1002 908 1082 uides,
939 1001 1097 1083 quianon
1121 1001 1269 1064 tribuitur
1293 1014 1398 1064 munus

269 1107 389 1186 salutis,
421 1106 481 1170 nisi
510 1107 595 1190 prius
624 1107 833 1190 interrogetur
859 1105 1048 1169 desiderium
1071 1105 1252 1169 uoluntatis.
1298 1103 1351 1168 sed
1373 1105 1398 1162 et

267 1229 337 1273 curn
362 1209 486 1274 uenitur
517 1210 555 1274 ad
587 1209 790 1294 baptismum,
820 1211 906 1292 prius
935 1209 1112 1274 accedentis
1136 1210 1281 1272 uoluntas
1306 1205 1399 1288 inqui·

266 1315 354 1394 ritur,
386 1318 421 1378 ut
451 1317 666 1400 regenerantis
698 1317 799 1400 gratia
830 1315 1046 1397 subsequatur.
1099 1317 1130 1377 et
1162 1315 1194 1377 in
1227 1312 1399 1376 centurione

267 1418 419 1500 Cornelio,
451 1421 523 1502 quia
550 1421 720 1504 praecessit
751 1421 897 1485 uoluntas
923 1421 1068 1504 gratiam,
1099 1419 1168 1482 ideo
1190 1417 1353 1500 praeuenit
1373 1417 1400 1476 el.

216 1551 241 1590 ro
267 1524 368 1607 gratia
400 1527 675 1607 regenerationem.
734 1525 812 1589 nihil
846 1525 910 1606 hic,
945 1529 980 1589 ut
1014 1526 1135 1606 opinor,
1168 1522 1288 1586 redolet
1321 1538 1400 1605 prae·

268 1628 467 1710 sumptionis,
502 1647 573 1693 oum
605 1634 636 1694 et
665 1631 724 1694 boo
753 1630 857 1712 ipsum
888 1627 1114 1694 incessabiliter
1145 1645 1294 1706 asseram,
1326 1622 1399 1706 quod

267 1733 324 1796 deo
354 1733 455 1814 ipsam
487 1733 616 1797 debeam
648 1734 853 1814 uoluntatem,
884 1733 1068 1818 praesertim
1099 1751 1170 1797 cum
1200 1733 1231 1796 in
1262 1729 1400 1795 omnibus

268 1837 334 1900 eius
365 1837 501 1900 motibus
532 1838 570 1901 ad
602 1856 679 1920 opus
710 1839 830 1922 gratiae
862 1839 995 1903 releram
1018 1838 1069 1902 uel
1092 1836 1297 1902 inchoationis
1320 1833 1400 1898 initia

267 1940 317 2004 uel
341 1941 618 2006 consummationis
643 1946 788 2007 extrema.

216 2071 240 2110 1⁵
309 2044 472 2108 Abraham
496 2064 618 2128 quoque
642 2066 677 2110 en
700 2048 803 2112 media
818 2048 993 2131 gentilitate
1009 2046 1209 2130 progrediens
1226 2063 1286 2110 nou
1304 2045 1399 2108 solum

267 2167 338 2212 eum
369 2150 454 2213 omni
485 2150 603 2214 familia
629 2170 686 2214 sua
709 2153 746 2215 ad
770 2153 904 2216 salutem
927 2155 1067 2232 uocatur,
1099 2151 1269 2214 sedetiam
1301 2151 1400 2233 pater

194 2295 197 2298 -
267 2253 469 2316 multarum
500 2255 668 2336 gentium
692 2257 869 2320 testimonio
893 2256 990 2339 ipsius
1014 2255 1154 2320 ueritatis
1178 2253 1321 2318 efficitur.
1366 2251 1400 2314 de

268 2357 315 2419 dei
346 2357 484 2421 bonitate
515 2363 572 2439 est,
607 2360 689 2441 quod
719 2363 862 2440 uocatur,
897 2361 934 2424 de
964 2361 1089 2444 propria
1119 2361 1291 2440 uoluntate,
1325 2355 1402 2439 quod

267 2465 431 2544 promptus
455 2463 645 2545 obsequitur.
683 2463 740 2528 lob
764 2483 886 2547 quoque
910 2466 978 2529 siue
1001 2465 1097 2529 animi
1119 2463 1262 2528 libertate
1285 2463 1401 2526 incum-

216 2593 241 2631 ee
268 2564 354 2628 beuti
379 2566 410 2629 iu
434 2585 467 2629 se
492 2567 572 2631 hosti
596 2587 657 2632 uon
680 2570 835 2650 potuisset
857 2569 1020 2650 obsistere,
1044 2569 1097 2633 sed
1121 2569 1222 2652 iungit
1242 2564 1402 2650 magnani-

268 2670 410 2734 mitatem
442 2671 541 2734 cordis
572 2691 643 2736 cum
679 2674 790 2738 auxilio
825 2675 1019 2758 protectoris.
1066 2691 1101 2737 ac
1131 2673 1176 2736 sio
1211 2672 1329 2736 iustitia
1356 2688 1402 2732 re·

268 2776 462 2839 munerantis
497 2777 693 2842 deuotiouem
723 2780 892 2862 pugnantis
923 2778 1067 2842 ostendit.
1112 2778 1144 2842 in
1171 2777 1301 2860 spiritali
1324 2774 1403 2839 bello

268 2881 311 2944 ita
341 2881 379 2944 ad
409 2881 542 2945 hominis
573 2881 712 2946 laborem
739 2883 861 2948 uidetur
883 2884 1037 2966 pertinere
1061 2879 1234 2961 conflictus,
1265 2881 1345 2944 sicut
1367 2877 1402 2942 ad

268 2985 360 3048 deum
392 2986 524 3050 refertur
554 2991 695 3050 euentus.
743 2989 859 3052 amicos
890 3005 1013 3070 quoque
1043 2985 1098 3051 lob
1115 2981 1163 3050 'ex
1185 2983 1329 3068 gentibus
1352 3003 1404 3046 ue

217 3114 241 3154 ee
268 3090 351 3152 nisse
384 3091 519 3154 nondum
554 3090 770 3175 promulgatae
805 3092 884 3176 legis
920 3097 1044 3175 tempus
1079 3090 1216 3154 ostendit
1250 3092 1296 3168 et,
1331 3088 1403 3151 dum

268 3211 323 3274 pro
347 3194 391 3257 eis
415 3194 498 3257 idem
514 3194 568 3258 lob
593 3196 801 3278 praecipiente
826 3196 951 3260 domino
975 3195 1167 3278 supplicasse
1190 3197 1222 3258 et
1245 3193 1404 3257 exauditus

270 3317 337 3361 esse
370 3303 569 3379 memoratur,
600 3300 648 3364 his
679 3319 799 3382 quoque
831 3299 933 3364 adhuc
963 3301 995 3364 in
1022 3300 1197 3383 gentilitate
1227 3297 1404 3362 uiuentibus

270 3402 353 3465 salus
377 3403 552 3467 indubitata
575 3404 741 3469 confertur.
787 3405 897 3469 Rabab
922 3423 1043 3486 quoque
1066 3405 1096 3467 in
1125 3407 1250 3467 tanturn
1273 3401 1405 3467 nationis

269 3506 445 3589 gentiliciae
477 3508 549 3588 luit,
585 3512 621 3572 ut
655 3527 690 3572 cx
725 3509 870 3592 gentibus
905 3509 1139 3592 congregandae
1175 3512 1283 3591 typum
1317 3523 1404 3589 pree-

217 3637 243 3675 eo
269 3610 365 3674 ferret
399 3612 555 3676 ecclesiae.
601 3613 679 3677 haec
715 3613 809 3694 etiam
845 3615 876 3677 iu
913 3615 1048 3678 salutem
1087 3631 1158 3676 eum
1198 3613 1283 3676 omni
1315 3611 1406 3675 domo

373 3862 401 3932 4]
421 3861 501 3916 Maro.
517 3865 557 3927 10,
570 3866 611 3918 51.
667 3863 694 3933 5]
714 3863 805 3918 Ioanni
819 3867 842 3927 5,
856 3867 880 3918 6.
938 3865 981 3934 16]
1001 3863 1159 3928 Gen.17,4.
1176 3895 1182 3904 ·

316 4097 479 4164 lgrutiaP
540 4097 631 4152 5liori
650 4115 762 4154 sanusc
824 4099 967 4154 acumine
987 4099 1014 4152 P
1073 4101 1105 4153 14
1124 4063 1362 4152 consummationis
1382 4097 1410 4150 P

272 4186 303 4238 15
326 4198 444 4251 quoquae
468 4185 495 4238 P
574 4189 604 4241 17
628 4188 747 4254 gentium
772 4188 799 4241 P
819 4187 861 4242 bie
942 4189 972 4240 19
995 4188 1117 4254 promtus
1141 4187 1169 4240 P
1241 4201 1358 4254 quoquae
1383 4187 1410 4239 P

270 4272 303 4323 20
322 4271 531 4337 magnitatemv
601 4275 634 4327 al
653 4289 771 4341 quoquae
790 4274 817 4326 P
885 4275 918 4328 25
937 4275 1042 4342 tempus
1060 4291 1110 4328 om.
1130 4291 1146 4328 o
1216 4275 1250 4328 26
1269 4273 1305 4326 eis
1324 4272 1407 4340 idem]

270 4355 368 4408 eisdem
388 4376 403 4410 r
455 4361 487 4412 27
508 4374 627 4426 quoquae
646 4361 673 4414 P
728 4363 760 4414 28
780 4376 897 4428 quoquae
916 4361 944 4413 P
