2924 4924
528 402 594 457 1111.
614 402 725 456 Sermo
743 407 767 460 5.
1153 403 1217 470 239

83 575 146 640 ideo
168 594 241 641 enm
270 595 396 642 summa
418 577 607 642 exultatione
635 578 771 661 gaudeat
797 581 880 642 terra
905 582 1011 643 nostra
1033 579 1216 644 caelestium

85 681 216 746 militnm
239 685 271 746 et
293 685 452 746 tantarum
475 699 588 764 parens
611 682 745 746 fecunda
766 682 929 746 uirtutum.
975 701 1044 748 ecce
1067 683 1215 766 profanus

84 783 178 850 hostis
195 804 369 868 numquam
391 785 493 850 beatis
516 786 656 868 parurulis
679 789 803 850 mutum
825 787 972 868 prodesse
994 787 1147 870 potuisset
1160 787 1216 852 ob-

84 891 196 971 sequio,
225 895 377 972 quantum
404 890 522 973 profuit
549 890 627 954 odio.
674 909 747 954 nam
778 891 858 954 sicut
885 891 1098 956 sacratissima
1126 911 1216 974 prae·

83 995 176 1058 sentis
199 995 260 1058 diei
282 995 364 1059 festa
386 995 600 1075 manifestant,
631 998 784 1076 qnantum
808 997 915 1060 contra
937 995 1044 1060 beatos
1067 997 1214 1078 paruulos
1241 1023 1254 1062 s

83 1097 224 1180 iniquitas
248 1098 430 1179 abundauit,
454 1103 578 1164 tantum
600 1099 694 1163 ineis
717 1100 818 1182 gratia
840 1099 1064 1165 benedictionis
1088 1100 1213 1165 effulsit.

83 1201 122 1266 sic
136 1203 221 1267 enim
235 1204 328 1285 paulo
344 1207 416 1268 ante
433 1203 620 1285 audiuimus,
637 1204 729 1285 quod,
746 1222 818 1268 eum
830 1204 970 1268 Herodes
985 1224 1038 1268 rer
1054 1203 1215 1270 Christum

82 1312 328 1389 persequeretur,
359 1309 446 1373 milia
472 1308 610 1372 felicium
638 1308 773 1372 extincta
799 1311 873 1373 sunt
899 1327 1066 1392 puerorum
1094 1309 1214 1374 dicente

82 1413 240 1496 propheta:
270 1412 409 1477 Rachel
439 1413 590 1495 plorans
621 1413 725 1477 filios
756 1430 841 1478 suos
871 1417 908 1478 et
938 1415 1059 1478 uoluit
1087 1433 1214 1480 conso·

82 1513 160 1598 lari,
176 1517 349 1598 quianon
365 1521 460 1582 sunt.
493 1517 620 1582 obeata
635 1534 747 1600 parens
763 1516 1011 1600 triumphalium,
1031 1519 1214 1584 inlustrium
1241 1544 1266 1584 ro

81 1621 176 1701 patria
190 1621 387 1702 bellatorum,
410 1624 569 1686 tantorum
589 1621 676 1686 diues
698 1621 876 1704 pignorum,
899 1622 988 1703 qnasi
1010 1621 1049 1686 ad
1072 1641 1214 1688 momen-

81 1725 143 1788 tum
165 1725 263 1790 oculis
286 1725 518 1808 inspicientium
541 1725 644 1789 orbari
666 1725 735 1790 nisa
757 1729 814 1805 est,
841 1743 1015 1807 numquam
1036 1729 1143 1790 tamen
1166 1727 1213 1791 in-

81 1827 160 1912 diget
178 1829 329 1895 consolati
352 1849 410 1894 nee
431 1831 534 1913 plorat
555 1829 646 1910 filios,
669 1847 745 1912 quos
768 1829 944 1894 inhibendis
967 1829 1114 1912 luctibus,
1137 1831 1212 1896 dnm

80 1933 259 2014 perdiderat,
283 1934 458 2016 adquisibit.
493 1933 586 1998 beata
610 1953 653 2014 es,
676 1951 694 1997 o
716 1933 901 1998 Bethlehem
924 1937 1007 1998 terra
1021 1934 1109 2016 Iuda,
1132 1954 1211 2017 qnae

80 2035 206 2102 Herodis
232 2039 315 2123 regis
342 2039 562 2104 inmanitatem
592 2038 625 2103 in
653 2055 821 2120 puerorum
848 2038 1034 2104 extinctione
1064 2057 1212 2122 perpessa
1238 2065 1263 2104 1⁵

81 2159 120 2220 es,
147 2160 224 2224 quae
248 2143 306 2207 snb
330 2161 391 2208 uno
414 2131 554 2226 tempore
577 2143 775 2207 candidatam
802 2141 926 2226 plebem
955 2143 1079 2208 inbellis
1107 2144 1211 2208 infan-

80 2245 137 2309 tiae
159 2247 215 2312 deo
238 2247 348 2312 offerre
371 2247 521 2312 meruisti.

118 2349 218 2434 Digne
234 2354 341 2416 tamen
356 2352 493 2416 natalem
506 2350 637 2416 colimus
654 2351 788 2432 illorum,
805 2369 882 2433 qnos
898 2350 1053 2416 beatiores
1066 2354 1209 2418 aeternae

80 2452 158 2519 uitae
180 2455 315 2520 mundus
339 2455 445 2536 edidit,
468 2473 562 2537 quam
586 2473 663 2537 quos
686 2458 899 2520 maternorum
922 2455 1078 2520 uiscerum
1100 2459 1209 2538 partus

79 2557 191 2640 effudit,
215 2560 242 2624 si
260 2559 386 2641 quidem
407 2563 479 2624 ante
499 2561 582 2624 uitae
604 2563 771 2643 perpetuae
795 2559 899 2642 adepti
923 2563 996 2623 sunt
1011 2559 1208 2642 dignitatem,
1235 2587 1261 2627 eo

79 2679 167 2741 quam
189 2682 318 2728 usuram
347 2664 522 2746 praesentis
545 2664 729 2748 acciperent.
768 2663 900 2728 aliorum
923 2663 1049 2744 quidem
1072 2664 1209 2746 pretiosa

79 2783 156 2830 mors
185 2773 359 2852 martyrum
389 2769 514 2834 laudem
543 2770 576 2834 in
607 2769 799 2834 confessione
828 2768 1007 2852 promeruit,
1037 2768 1149 2832 horum
1176 2769 1207 2832 iu

80 2875 340 2938 consummatione
374 2873 563 2955 conplacuit,
601 2874 674 2954 qrria
705 2872 881 2955 incipientis
915 2871 998 2936 uitae
1031 2871 1207 2954 primordiis

79 2973 142 3056 ipse
160 2977 203 3042 eis
225 2995 353 3042 occasus
375 2977 500 3041 initimn
519 2977 636 3062 gloriae
656 2976 751 3056 dedit,
774 2975 828 3057 qni
849 2975 1021 3058 praesentis
1037 2975 1207 3040 terminum

79 3080 185 3162 posuit,
209 3100 287 3164 qnos
309 3081 442 3146 Herodis
465 3082 608 3165 impietas
636 3081 787 3145 lactantes
815 3083 952 3144 matrum
978 3077 1126 3144 uberibus
1153 3079 1207 3144 ab·
1233 3107 1259 3148 sc

79 3185 191 3266 struxit,
218 3187 272 3268 qni
293 3186 358 3250 iure
381 3186 526 3250 dicamur
548 3189 722 3268 martyrum
744 3183 845 3265 flores,
874 3201 950 3266 quos
972 3183 1005 3247 in
1028 3183 1130 3248 medio
1153 3184 1208 3248 iri-

78 3304 148 3370 gore
167 3289 359 3356 infidelitatis
382 3293 503 3356 exortos
530 3290 648 3374 primas
672 3291 870 3372 erumpentes
894 3288 1041 3353 ecclesiae
1063 3307 1207 3372 gemmas

79 3395 224 3472 quaedam
258 3395 481 3478 persecutionis
511 3395 624 3478 pruina
653 3394 782 3459 decoxit.
838 3397 868 3458 et
901 3393 969 3458 ideo
1000 3392 1130 3476 dignum
1160 3395 1208 3458 est

175 3558 203 3628 9]
221 3557 338 3614 Hieram.
351 3561 393 3624 31,
407 3561 453 3622 15;
471 3557 567 3613 natm.
581 3561 606 3627 2,
620 3560 660 3614 18.
717 3557 760 3626 14]
778 3556 874 3611 naeth.
888 3559 912 3620 2,
926 3559 951 3612 6.

123 3717 133 3770 1
155 3715 341 3771 enrltatatione
363 3717 394 3772 D
462 3715 668 3784 gandeat—lin.
682 3718 718 3769 17
740 3713 874 3784 mernisti]
897 3717 931 3783 cs.
949 3713 1063 3768 Drcebie'
1083 3713 1206 3781 (Farrste')

78 3800 143 3854 bom.
152 3807 182 3857 11
194 3805 255 3858 init.
305 3803 407 3872 nostra]
420 3802 511 3856 nutrix
522 3801 697 3857 uddDrescb.
749 3802 806 3856 aee
818 3803 954 3854 tantarum
964 3801 1044 3870 Aug,
1056 3799 1206 3854 tentordD

80 3887 217 3954 parieueD
249 3888 420 3960 pphanusD
458 3888 617 3959 3pdisseD
651 3887 888 3944 bhabundauitD
929 3885 1205 3942 iroerbusicenim-

79 3973 125 4028 lin.
134 3981 166 4031 14
176 3976 321 4048 adquisiuit
332 3979 430 4034 absunt
442 3977 518 4048 apud
526 3977 598 4046 Aug.
638 3973 786 4030 herodisD
825 3973 944 4045 9rachel
957 3975 986 4028 D
1026 3975 1058 4028 10
1070 3971 1206 4028 baeatuD

80 4060 187 4118 inlustra
205 4065 234 4120 D
295 4065 328 4120 12
346 4064 491 4134 inspicitis
508 4064 537 4118 D
594 4061 693 4132 indigit
711 4063 741 4118 D
803 4063 836 4117 14
857 4059 991 4132 bethelem
1010 4061 1039 4114 D
1092 4061 1124 4114 15
1142 4065 1205 4114 amc

78 4171 184 4231 Herodis
200 4179 231 4234 in
247 4135 385 4233 merenas
402 4195 509 4234 erasme
525 4183 564 4234 ast
618 4179 650 4232 16
668 4192 719 4244 que
737 4175 767 4230 D
820 4176 852 4230 17
870 4173 992 4246 mernisti
1009 4172 1040 4227 D
1092 4173 1125 4228 18
1142 4169 1204 4226 bea·

78 4261 158 4316 tiones
175 4265 203 4319 D
270 4267 359 4320 eterne
378 4265 433 4319 uite
450 4265 480 4320 D
551 4266 582 4320 19
601 4265 783 4318 maternarum
802 4263 831 4316 D
899 4263 933 4316 20
955 4260 1010 4314 uite
1032 4261 1156 4328 perpetue
1174 4259 1205 4314 D

78 4347 112 4402 22
129 4349 270 4406 mnissioue
287 4352 318 4407 D
369 4353 404 4408 23
421 4349 564 4422 primordie
582 4351 612 4406 D
663 4348 844 4418 sequidem
