2920 4928
260 425 280 486 6
674 439 679 448 '
720 424 741 479 1.
761 425 804 478 De
823 425 931 493 gratia

289 601 368 659 XIII.
396 601 450 659 Ubi
473 601 528 659 sibi
551 601 645 676 gratia
660 601 703 660 dei
720 605 748 660 et
764 601 898 660 uoluntas
914 601 1040 660 hnmana
1055 602 1285 662 testimoniorum
1301 621 1393 662 asser·-

392 705 470 764 tione
492 705 639 764 sociantur
666 708 694 764 et
721 707 755 764 de
777 706 906 780 paruulis
930 705 1027 764 inanis
1050 707 1194 766 calumnie
1219 709 1394 766 transeundo

392 809 626 884 praestringItur.

275 913 368 972 XIIII.
393 913 499 971 Contra
520 913 582 982 hoo,
606 915 677 988 quod
702 914 801 972 dieunt
823 931 881 983 eos,
905 913 954 988 qui
977 917 1043 988 post
1065 914 1238 990 baptismum
1262 919 1392 990 pereunt,

394 1017 423 1075 in
445 1017 619 1092 baptismum
642 1017 759 1092 ponitus
782 1035 841 1076 non
865 1017 1026 1078 credidisse.

305 1121 365 1178 XV.
391 1121 432 1179 Ile
454 1121 539 1179 ruina
561 1121 657 1196 angeli
680 1123 709 1180 et
728 1122 832 1180 habere
851 1125 966 1180 sanatos
986 1122 1103 1198 angelos
1119 1121 1337 1182 similitudinem
1354 1123 1392 1182 dei

392 1227 491 1284 eontra
514 1227 690 1299 quorundam
713 1225 938 1300 persuasionem.

291 1329 368 1389 XVI.
393 1329 537 1388 Christum
560 1346 610 1404 pro
633 1329 765 1388 omnibns
789 1333 940 1389 mortuum.

275 1433 365 1491 XVII.
391 1434 496 1491 Contra
510 1433 572 1504 hoo,
595 1435 669 1507 quod
684 1433 793 1504 dieunt,
816 1433 884 1508 quie
898 1433 942 1492 dei
958 1433 1097 1493 uiolentia
1112 1434 1226 1494 induret
1241 1435 1392 1504 hominem,

212 1553 235 1590 ro
393 1555 429 1596 no
452 1537 551 1596 uenire
574 1538 669 1596 ualeat
691 1539 726 1596 ed
749 1538 880 1596 salutem.

261 1641 367 1700 XVIII.
391 1641 508 1699 Nullum
532 1642 647 1701 uolente
670 1643 719 1700 deo
742 1641 845 1716 perire.
883 1665 884 1668 ¹

652 2419 790 2502 LlBllll
819 2418 1004 2502 PRIMUS.

818 2611 842 2676 1.

262 2758 345 2806 ouon
362 2756 489 2800 aennon
506 2757 628 2815 suusne,
646 2757 699 2805 our
716 2756 857 2798 enarrare
879 2755 1029 2814 unorum,
1050 2757 1146 2798 naimo
1162 2757 1242 2798 noco
1261 2757 1397 2798 necessu

210 2855 234 2895 15
723 2843 771 2884 sir
794 2843 937 2884 nnsnnur.

304 2974 357 3064 De
379 2999 481 3081 gratia
503 2999 551 3061 dei
575 3001 606 3062 et
629 2998 782 3062 tenuitate
805 2997 895 3062 liberi
917 2997 1036 3062 arbitrii
1060 2997 1267 3062 inluminante
1292 3005 1397 3062 saneto

262 3103 373 3184 spiritu
396 3103 482 3166 iuxta
505 3103 701 3186 euangeIIoas
725 3102 906 3184 disciplinas
922 3105 954 3165 et
969 3102 1153 3185 apostolieae
1176 3103 1301 3185 regulas
1318 3107 1397 3166 trao-

261 3207 354 3270 taturi
381 3206 481 3289 primo
508 3206 575 3270 loeo
598 3205 718 3290 Pelagii
744 3205 954 3288 blasphemias
978 3205 1095 3270 seilicet
1122 3205 1326 3270 iamdudum
1350 3225 1397 3269 ee-

262 3311 373 3374 olesiae
396 3309 567 3374 oatholieae
591 3309 823 3391 impeeditus,
847 3310 1018 3374 eruditione
1035 3311 1190 3389 confusae,
1215 3311 1397 3374 auctoritate

209 3429 234 3466 ²⁰
262 3415 395 3478 ealeatas
418 3413 507 3478 breui
524 3417 555 3477 et
570 3414 744 3478 necessario
760 3431 903 3477 sermone
926 3413 1200 3497 praestringendas
1217 3433 1285 3477 esse
1301 3414 1398 3477 oredi-

262 3517 374 3597 dnus,
397 3535 452 3600 pro
476 3535 511 3580 eo
535 3517 616 3599 quod
639 3518 719 3581 iuter
741 3517 876 3599 reliquas
900 3517 1056 3600 dogmatis
1079 3518 1128 3582 sni
1150 3516 1397 3582 ebomInationes

262 3622 356 3685 etiem
379 3620 518 3685 laborem
541 3621 674 3686 hominis
698 3623 802 3685 ualere
828 3639 919 3703 posse
943 3622 1009 3685 sine
1031 3621 1133 3704 gretia
1155 3621 1288 3685 elatione
1311 3621 1399 3684 denr-

262 3725 360 3789 nabili
382 3725 545 3789 adfirmare
569 3729 698 3790 conatus
722 3729 779 3790 est.
815 3728 846 3789 et
869 3725 937 3789 ideo
961 3725 1095 3790 nefarios
1119 3743 1229 3789 sensns
1252 3743 1325 3790 snos
1349 3725 1397 3788 nel

263 3849 298 3894 ex
325 3833 413 3913 parte
441 3829 544 3912 aliqua
571 3829 602 3893 in
632 3829 771 3893 medium
798 3829 934 3912 prolerre
962 3827 1156 3909 curabimus,
1185 3833 1220 3893 ut
1247 3829 1397 3893 sollicitus

308 4079 470 4135 nasamone
489 4079 516 4132 P
577 4045 773 4148 taunasim
792 4081 820 4134 P
888 4079 1060 4148 seapssmo
1080 4079 1106 4133 Ρ
1177 4082 1208 4135 12
1233 4079 1398 4134 exuerem·

262 4163 620 4221 unmcmnnununrr
648 4165 756 4219 menn
781 4165 917 4220 narnus
942 4167 969 4220 P
1039 4168 1070 4221 14
1098 4165 1180 4234 quoe]
1209 4165 1241 4219 ue
1267 4167 1348 4220 auae
1376 4168 1401 4220 P

262 4279 348 4347 gratia
366 4280 393 4333 P
455 4280 486 4333 15
505 4243 587 4331 distin
606 4279 634 4332 P
700 4281 730 4334 18
748 4277 923 4348 blasphemiell
942 4279 969 4332 P
1024 4277 1164 4332 ecclaesiae
1183 4279 1209 4332 P
1272 4281 1305 4334 20
1324 4295 1398 4332 nece·

263 4365 377 4422 sarioP
423 4363 554 4420 credimus
572 4365 621 4434 1³¹,
639 4364 666 4418 di
682 4383 812 4436 superem.
832 4366 873 4420 Ρ2
923 4367 956 4420 21
979 4365 1034 4418 suis
1052 4366 1079 4420 P
1128 4363 1281 4421 aanoldis
1300 4365 1329 4419 Ρ
