2954 4930
485 430 710 500 Epistularum
727 429 782 486 lib.
795 430 824 485 11
841 431 918 486 3-4.
1205 429 1269 494 375

127 609 290 689 placuit,
323 608 376 672 ita
407 610 443 672 et
472 608 611 672 factum
642 611 714 688 est,
749 608 799 672 sit
829 625 960 672 nomen
991 607 1130 671 domini
1161 607 1269 670 bene-

128 713 281 776 dictum.
326 714 404 776 haec
433 731 517 796 ergo,
549 712 666 777 domini
692 712 825 795 pectoris
848 711 921 792 mei,
952 710 1087 775 scribere
1109 711 1199 775 uobis
1222 711 1269 774 id-

126 817 213 881 circo
234 817 440 900 praesumpsi,
464 819 499 880 ut
517 816 656 880 dolorem
671 833 882 896 communem,
906 833 1000 897 quem
1016 815 1162 895 sciebam,
1185 815 1269 896 quod

125 921 235 985 uerbis
258 921 336 984 meis
360 921 504 1004 mitigare
527 938 589 984 non
611 923 763 1004 poteram,
787 920 838 983 nel
862 919 975 984 diuinis
999 919 1128 1001 eloquiis
1144 921 1268 982 utcum-

126 1045 190 1108 que
225 1025 411 1090 moderarer.
468 1027 499 1089 et
529 1043 601 1088 uere
632 1043 695 1089 non
725 1025 891 1088 minimum
921 1024 1053 1106 potestis
1087 1041 1197 1106 capere
1230 1023 1306 1090 dee

126 1129 246 1194 Christi
276 1129 453 1194 uoluntate·
469 1129 626 1210 solatium,
659 1129 751 1211 qnod,
781 1133 934 1210 quatenus
962 1129 1066 1212 ipsum
1093 1129 1267 1192 inmaturus

124 1233 278 1298 manebat
300 1235 455 1314 interitus,
482 1234 578 1298 telem
602 1253 673 1298 eum
697 1237 745 1298 est
767 1233 911 1318 diguatus
935 1251 1106 1312 assumere,
1129 1233 1268 1314 qualium

122 1357 260 1420 regnum
284 1337 361 1402 dirit
383 1357 452 1402 esse
475 1339 641 1419 caelorum,
664 1341 700 1402 nt
723 1341 754 1401 et
776 1341 943 1421 patronum
965 1337 1122 1402 haberetis
1146 1357 1182 1401 ex
1205 1337 1267 1402 filio

123 1444 159 1505 et
191 1442 295 1506 minus
326 1441 470 1507 doleretis
501 1442 667 1522 amissum,
698 1460 791 1524 quem
823 1459 841 1505 a
870 1441 996 1506 dominc
1030 1439 1185 1506 uidebatis
1218 1459 1268 1506 as·

122 1549 299 1629 sumptum.
1292 1569 1318 1609 ιο

660 1683 734 1749 IIII.

120 1843 256 1890 momnis
286 1847 471 1891 sonuimus
500 1849 541 1888 ΕΤ
567 1849 599 1889 IN
622 1847 753 1890 cumsuo
776 1847 896 1890 Domo
918 1845 1166 1890 naumurussnsss
1189 1846 1266 1888 PRA-

342 1935 454 1977 munus
475 1933 616 1976 NAMATIO
637 1936 679 1976 BT
702 1933 881 1976 eundumne
903 1933 1057 1976 conluuie.

170 2069 309 2154 Saepius,
333 2069 484 2134 carissimi
506 2069 630 2150 fratres,
646 2087 702 2152 per
717 2069 891 2134 eommunis
908 2069 1010 2133 luctus
1026 2067 1265 2132 acerbissimum

119 2193 234 2240 casnm
265 2173 355 2240 uobis
383 2173 516 2238 scribere
540 2177 595 2238 aut
617 2173 656 2238 ad
678 2191 734 2238 uos
758 2174 865 2238 uenire
888 2172 1036 2256 disposui,
1064 2173 1119 2237 sed
1142 2191 1265 2255 semper
1293 2195 1318 2236 1⁵

120 2298 178 2343 me
201 2283 234 2343 et
257 2277 295 2342 ab
320 2279 441 2343 itineris
463 2279 624 2361 procinctu
647 2277 814 2343 infirmitas
837 2278 971 2360 corporis
994 2281 1027 2342 et
1048 2277 1087 2342 ab
1104 2277 1265 2361 epistulari

118 2382 227 2448 officio
258 2383 374 2448 nimius
405 2383 492 2448 dolor
521 2384 622 2448 cordis
649 2383 787 2447 retraxit.
833 2401 907 2447 nam
931 2382 957 2447 si
981 2383 1104 2464 quaudo
1128 2383 1167 2446 ad
1190 2383 1265 2447 scri-

118 2487 264 2552 bendum
287 2488 429 2552 animum
452 2507 523 2552 sum
542 2492 671 2553 conatus
686 2487 858 2568 intendere,
882 2488 991 2552 stetim
1007 2505 1118 2553 sensus
1135 2488 1265 2569 horruit,

119 2611 214 2657 mens
237 2591 354 2676 refugit
376 2595 407 2656 et
428 2592 473 2656 ita
495 2591 572 2656 mihi
592 2609 647 2675 pro
663 2591 859 2656 sermonibus
876 2610 998 2676 semper
1013 2591 1105 2656 fletus
1122 2591 1264 2672 occurrit,

118 2700 159 2761 ut
184 2697 272 2780 prius
294 2697 442 2780 paginam
466 2696 666 2760 lacrimarum
689 2695 788 2760 imbre
811 2696 1041 2779 perfunderem,
1073 2714 1167 2778 quam
1191 2696 1263 2760 stilo
1290 2717 1317 2758 ro

117 2802 298 2886 pingerem,
326 2801 408 2865 sicut
435 2801 511 2865 dixit
533 2801 585 2864 ille
607 2804 771 2884 paternam
794 2801 935 2865 indicens
958 2801 997 2864 de
1019 2799 1073 2865 lilii
1096 2799 1263 2864 amissione

116 2906 287 2989 pietatem:

257 3063 320 3126 Bis
344 3064 499 3126 conatus
523 3065 604 3126 erat
626 3081 734 3126 casus
758 3062 943 3145 effingere
967 3063 1003 3126 in
1027 3079 1129 3142 euro,

257 3165 320 3230 Bis
343 3165 488 3250 patriae
511 3165 678 3230 cecidere
702 3185 841 3247 manue,

117 3325 173 3387 nel
203 3322 285 3406 quod
307 3323 411 3406 potius
435 3341 453 3387 a
476 3341 527 3386 me
554 3323 676 3403 dicitur,
707 3324 853 3404 quoniam
883 3323 1048 3407 negabat
1077 3322 1263 3387 consolari
1289 3345 1314 3386 2⁵

117 3427 247 3493 anima
269 3445 358 3492 mea.
396 3427 480 3492 haud
503 3428 623 3492 iniuria.
658 3428 778 3511 perdidi
801 3428 886 3492 enim
908 3427 1016 3509 filiam,
1039 3445 1134 3510 quam
1157 3431 1189 3492 et
1211 3447 1261 3492 ure

117 3532 299 3618 suscepisse
330 3537 362 3597 et
387 3549 444 3596 uos
467 3533 613 3617 genuisse
635 3532 826 3616 gratulabar,
857 3532 974 3615 perdidi
997 3533 1081 3597 uitae
1104 3533 1261 3613 solatium,

116 3636 314 3722 posteritatis
337 3655 437 3720 spem,
464 3637 557 3701 decus
581 3637 730 3717 familiae,
753 3637 852 3700 cordis
875 3636 1036 3721 gaudium,
1059 3637 1166 3702 lumen
1189 3654 1261 3701 ocu-

115 3744 232 3808 lorum.
279 3759 337 3805 nec
367 3741 499 3824 simplici
531 3759 601 3806 sum
630 3741 762 3806 orbitate
789 3741 961 3824 perculsus.
1007 3757 1081 3805 nam
1104 3759 1175 3804 eum
1197 3741 1262 3806 filia

226 3895 255 3966 s]
273 3895 371 3950 unroh.
386 3898 426 3962 ro,
441 3897 481 3950 14.
535 3895 581 3964 aa]
601 3895 893 3964 linguonense.
946 3895 993 3965 as]
1013 3895 1110 3949 esum.
1125 3897 1165 3960 re,
1178 3898 1202 3950 4.

163 4033 342 4104 3prcsumpsi
357 4034 380 4089 S
431 4035 520 4102 quoS
572 4037 587 4090 5
601 4033 753 4088 moderarer
770 4037 797 4088 et
815 4035 888 4104 uere]
907 4034 1043 4089 moderare
1061 4051 1123 4087 uere
1139 4035 1185 4104 8¹,
1202 4051 1259 4088 mo·

115 4123 242 4176 derarem
261 4120 284 4174 fr
302 4135 363 4174 uere
377 4121 423 4189 8²,
442 4119 594 4174 moderarer
611 4123 736 4177 uereKr.
791 4123 992 4179 donatenusS
1042 4121 1262 4180 'ltslemeumS

114 4209 327 4264 essummereS
379 4209 412 4264 12
431 4207 677 4264 diuinctissimisS
730 4209 938 4265 recensetos
989 4211 1022 4264 ll
1038 4225 1056 4279 p
1071 4209 1100 4278 S,
1118 4213 1260 4278 proptero

115 4295 365 4351 aceruissimumS
419 4297 449 4350 17
468 4294 592 4350 offitios
644 4299 675 4352 18
693 4299 910 4352 conatussumc
962 4299 993 4351 21
1008 4294 1083 4351 filis
1133 4298 1167 4352 26
1179 4301 1225 4350 sut
1240 4297 1263 4350 S

114 4385 153 4439 29
171 4381 271 4437 filios
