2944 4936
227 427 292 491 430
731 427 857 482 Ruricii

228 603 376 684 officium,
407 605 481 668 dum
512 621 574 668 non
606 605 708 668 solum
739 603 903 684 custodire,
932 621 1042 668 uerum
1072 605 1168 669 etiam
1195 623 1315 688 augere
1347 606 1378 669 in

226 703 305 792 <met
327 709 422 772 istum
454 707 514 771 sibi
541 709 637 791 gestit
664 707 821 788 allectum,
853 726 944 790 quem
969 708 1081 772 idcirco
1103 707 1263 772 beneficiis
1285 711 1380 774 anti·

227 811 357 893 cipando
380 811 537 892 laetificat,
568 812 643 893 quia
665 812 704 877 ad
734 812 892 876 modicum
919 812 1104 877 contristare
1133 811 1288 878 formidat.
1348 819 1378 877 el

226 915 294 979 ideo
328 917 449 980 nrauult
478 915 587 980 oiierre
616 917 731 980 tacenti
754 917 899 999 gratiam,
930 935 1023 998 quam
1046 921 1204 998 praestare
1226 921 1379 1000 poscenti

187 1046 200 1084 s
227 1022 329 1085 sciens
359 1020 467 1104 procul
497 1019 591 1084 dubio
622 1020 692 1104 plus
721 1021 753 1084 in
781 1037 816 1084 eo
840 1039 909 1084 esse
938 1021 1051 1101 meriti,
1082 1021 1163 1104 quod
1193 1026 1377 1105 spontanea

226 1123 417 1209 benignitate
437 1123 586 1205 defertur,
610 1141 704 1206 quam
725 1125 806 1207 quod
823 1125 967 1208 precibus
987 1126 1188 1210 intellegitur,
1211 1127 1375 1208 siquidem

226 1229 337 1294 horum
368 1247 466 1294 unum
496 1247 558 1294 nou
589 1229 649 1293 nisi
679 1229 867 1294 necessitate
898 1229 989 1294 datur
1019 1230 1249 1311 necessitudini,
1279 1231 1376 1296 aliud

226 1353 299 1398 uero
323 1353 416 1417 saepe
440 1334 536 1398 etiam
551 1335 719 1416 precatoris
735 1335 861 1398 sedulae
878 1334 1043 1399 dimittitur
1058 1334 1246 1418 inprobitati.
1281 1337 1377 1400 uude

226 1439 312 1502 saluo
336 1440 526 1521 reciprocum
551 1437 656 1502 dicens
680 1438 717 1501 de
738 1437 863 1522 pietatis
880 1441 1003 1502 uestrae
1019 1439 1221 1522 promissione
1236 1457 1375 1505 securus

176 1567 199 1604 ro
226 1543 362 1626 puellam
387 1546 523 1607 uestram
548 1543 579 1606 in
602 1561 669 1606 rem
693 1541 818 1607 directis
842 1543 946 1625 pueris
969 1543 1082 1607 uestris
1099 1562 1149 1608 me
1164 1543 1375 1627 consignasse

226 1647 376 1730 significo,
407 1647 457 1710 cui
487 1645 607 1710 conlido
638 1647 719 1728 quod
750 1647 835 1710 iuxta
861 1647 1117 1729 pollicitationem
1140 1651 1278 1712 uestram
1302 1669 1373 1714 non

226 1753 327 1815 solum
357 1751 497 1832 ueniam,
532 1749 585 1814 sed
618 1751 712 1815 etiam
746 1751 880 1835 gratiam
913 1769 968 1834 pro
1003 1756 1111 1816 nostra
1144 1753 1374 1818 intercessione

225 1853 382 1920 tribuatis.

689 1977 897 2042 XXXXVIII.

175 2123 198 2162 ¹⁶
294 2137 439 2180 eustolus
463 2138 632 2180 urrscords
655 2137 776 2180 nouitio
800 2138 990 2180 uaruuaulul
1013 2139 1128 2180 FRATRI
1152 2139 1290 2181 tonsum.

268 2273 405 2357 Magnus
437 2273 612 2337 communis
647 2276 826 2356 susceptus,
861 2273 941 2355 quod
973 2273 1147 2338 uoluntarie
1178 2275 1278 2339 iacere
1313 2276 1372 2340 de-

226 2375 345 2458 buerat,
376 2377 450 2442 iecit
480 2395 563 2441 nnnc
590 2377 777 2441 necessitate
801 2379 979 2460 conpulsus,
1010 2381 1046 2441 ut
1068 2377 1106 2442 ad
1129 2380 1369 2446 uenerationem
1467 2381 1468 2438 l

225 2485 313 2545 tuam
336 2481 612 2545 commendaticias
635 2480 792 2565 flagitaret
814 2485 846 2546 et
868 2501 901 2545 se
924 2481 1043 2565 gratiae
1060 2485 1141 2563 tuae,
1165 2483 1223 2546 etsi
1237 2489 1371 2567 propter

226 2586 456 2668 neglegentiam
488 2603 577 2650 suam
609 2586 645 2649 da
663 2585 836 2670 praeterito
859 2587 1011 2670 ingratae,
1042 2605 1098 2669 per
1120 2586 1369 2653 insinuationem

170 2711 196 2749 ro
223 2693 362 2753 nostram
396 2707 481 2753 nunc
511 2693 618 2754 tamen
649 2689 871 2774 gratificandus
899 2690 1063 2774 ingereret.
1110 2692 1195 2755 cuius
1223 2692 1368 2774 petitioni

221 2793 290 2858 ideo
313 2794 488 2878 promptius
512 2793 665 2876 adquieui,
689 2794 761 2876 qnia
784 2793 908 2875 credidi,
932 2794 1014 2859 sicut
1036 2798 1068 2858 et
1083 2793 1213 2874 confido,
1236 2813 1294 2860 uos
1310 2813 1369 2878 pe-

221 2897 323 2961 titioni
348 2915 435 2961 meae
459 2895 591 2961 libenter
614 2915 760 2962 annuere.
796 2897 877 2962 unde
901 2899 1088 2963 emulatione
1110 2897 1244 2981 depensa
1261 2919 1366 2983 spero,

222 3005 257 3066 ut
286 3002 389 3085 ipsum
419 3019 474 3086 pro
504 3001 726 3066 intercessione
757 3007 865 3068 nostra
893 3003 1028 3086 recipere
1051 3004 1129 3068 tanti
1153 3003 1296 3068 habeatis
1322 3010 1365 3085 et,

221 3105 384 3188 quiahoc,
413 3104 494 3188 quod
517 3104 634 3186 debuit,
662 3106 805 3187 reddidit,
829 3125 940 3171 usuras
963 3107 1008 3171 illi
1031 3106 1199 3171 solidorum
1222 3107 1364 3192 ipsorum

169 3234 194 3273 er
222 3226 285 3273 nou
308 3213 433 3274 tantum
456 3227 511 3293 pro
537 3209 681 3292 precibus
709 3211 834 3291 nostrie,
866 3214 1018 3293 quantum
1044 3229 1100 3293 pro
1131 3211 1244 3276 diuinis
1273 3230 1365 3294 prae-

222 3313 320 3396 ceptis
351 3313 465 3378 donarc
497 3313 643 3398 digneris.
689 3314 770 3396 quod
801 3332 856 3398 pro
887 3315 1121 3380 conuersatione
1152 3319 1268 3396 uestra,
1299 3333 1365 3397 qua

221 3434 277 3481 uos
308 3417 365 3482 deo
396 3419 527 3501 propitio
555 3437 609 3502 per
633 3419 698 3482 dios
721 3419 862 3502 singulos
885 3419 977 3484 audio
999 3418 1158 3502 prolicere,
1182 3419 1249 3484 sine
1271 3419 1364 3485 dubi-

221 3521 339 3586 tatione
361 3523 536 3606 praestetis,
565 3523 638 3605 quia
660 3523 720 3607 ipsi
742 3523 852 3604 nostis,
883 3523 965 3605 quod
995 3523 1047 3588 ille
1069 3541 1202 3608 regnum
1226 3523 1275 3588 dei
1297 3523 1364 3588 lue-

220 3625 292 3690 titia
315 3630 346 3691 et
368 3627 577 3712 gratulatione
599 3627 751 3711 percipiet
774 3631 804 3692 et
823 3628 855 3692 iu
875 3631 1016 3692 montem
1036 3627 1153 3692 domini
1168 3627 1362 3712 glorificatus

324 3745 370 3815 aa]
388 3745 484 3801 natan.
498 3749 523 3814 5,
537 3749 559 3802 1.

265 3853 278 3906 l
298 3849 414 3904 cilitium
434 3851 458 3906 S
527 3851 615 3904 inme
635 3851 718 3905 istum
737 3851 921 3920 Luctp'olaaao,
944 3851 972 3905 iu
990 3853 1034 3918 (ea
1050 3850 1091 3920 id)
1109 3851 1192 3906 istum
1211 3853 1240 3919 S,
1262 3852 1360 3907 initum

220 3939 403 3994 Momeomoo
460 3937 578 4005 igessit
594 3939 638 3993 uel
656 3937 801 4007 ingessitc
858 3937 1079 3994 8iormidataS
1135 3939 1278 3994 dessein
1296 3955 1361 3994 eor

219 4025 236 4078 6
254 4023 391 4094 praecibus
412 4025 435 4080 S
503 4023 681 4093 intellegitur]
704 4023 859 4092 indulgetur
876 4025 957 4079 oKr.
1028 4027 1044 4080 'l
1068 4025 1271 4079 necessitudinis
1290 4028 1358 4082 corti.

218 4109 393 4178 Iarajobcoc
459 4112 650 4165 mmccccl}
713 4113 743 4166 11
763 4109 1003 4180 polliiacionemS
1064 4114 1096 4166 15
1115 4111 1253 4182 episcopus
1273 4131 1360 4169 om

221 4199 252 4251 lc
271 4212 383 4265 magnus
403 4197 539 4253 Slilteaia
558 4195 636 4252 MAG
654 4199 788 4267 conpletas,
807 4211 902 4250 manua
919 4199 963 4252 ael
975 4197 1105 4253 amicuso
1156 4198 1361 4256 uoluntariarS

221 4285 252 4338 18
265 4283 512 4340 commendatiasS
565 4286 597 4339 19
615 4283 821 4351 negligentiis
872 4283 1076 4351 columnares
1126 4285 1157 4340 il
1171 4285 1361 4354 promptiusS

218 4367 436 4425 circeredus
486 4371 521 4426 28
538 4369 628 4439 ipseo
