<?xml version="1.0" encoding="UTF-8"?>
<!DOCTYPE html PUBLIC "-//W3C//DTD XHTML 1.0 Transitional//EN"
    "http://www.w3.org/TR/xhtml1/DTD/xhtml1-transitional.dtd">
<html xmlns="http://www.w3.org/1999/xhtml" xml:lang="en" lang="en">
 <head>
  <title>
</title>
<meta http-equiv="Content-Type" content="text/html;charset=utf-8" />
  <meta name='ocr-system' content='tesseract 3.04.00' />
  <meta name='ocr-capabilities' content='ocr_page ocr_carea ocr_par ocr_line ocrx_word'/>
</head>
<body>
  <div class='ocr_page' id='page_1' title='image "./praetersermones00fausgoog/praetersermones00fausgoog_0143.png"; bbox 0 0 2920 4930; ppageno 0'>
   <div class='ocr_carea' id='block_1_1' title="bbox 512 396 1210 464">
    <p class='ocr_par' dir='ltr' id='par_1_1' title="bbox 512 396 1210 464">
     <span class='ocr_line' id='line_1_1' title="bbox 512 396 1210 464; baseline 0.001 -13"><span class='ocrx_word' id='word_1_1' title='bbox 512 396 608 452; x_wconf 89' lang='lat' dir='ltr'>Liber</span> <span class='ocrx_word' id='word_1_2' title='bbox 626 398 640 452; x_wconf 96' lang='lat' dir='ltr'>I</span> <span class='ocrx_word' id='word_1_3' title='bbox 661 401 770 455; x_wconf 80' lang='lat'>17-18.</span> <span class='ocrx_word' id='word_1_4' title='bbox 1168 399 1210 464; x_wconf 82' lang='lat'>55</span> 
     </span>
    </p>
   </div>
   <div class='ocr_carea' id='block_1_2' title="bbox 76 573 1263 2539">
    <p class='ocr_par' dir='ltr' id='par_1_2' title="bbox 76 573 1263 2539">
     <span class='ocr_line' id='line_1_2' title="bbox 82 573 1212 657; baseline 0.002 -21"><span class='ocrx_word' id='word_1_5' title='bbox 82 573 320 638; x_wconf 81' lang='lat' dir='ltr'>emendationem</span> <span class='ocrx_word' id='word_1_6' title='bbox 354 577 503 657; x_wconf 85' lang='lat' dir='ltr'>prouocat</span> <span class='ocrx_word' id='word_1_7' title='bbox 536 573 652 638; x_wconf 93' lang='lat' dir='ltr'>domini</span> <span class='ocrx_word' id='word_1_8' title='bbox 682 574 920 657; x_wconf 74' lang='lat' dir='ltr'>longanimitas,</span> <span class='ocrx_word' id='word_1_9' title='bbox 954 575 986 638; x_wconf 93' lang='lat' dir='ltr'>in</span> <span class='ocrx_word' id='word_1_10' title='bbox 1017 593 1106 638; x_wconf 90' lang='lat' dir='ltr'>seruo</span> <span class='ocrx_word' id='word_1_11' title='bbox 1138 593 1212 638; x_wconf 90' lang='lat' dir='ltr'>con·</span> 
     </span>
     <span class='ocr_line' id='line_1_3' title="bbox 81 678 1211 762; baseline 0 -20"><span class='ocrx_word' id='word_1_12' title='bbox 81 682 224 760; x_wconf 85' lang='lat' dir='ltr'>temptum</span> <span class='ocrx_word' id='word_1_13' title='bbox 255 679 354 743; x_wconf 88' lang='lat' dir='ltr'>nutrit</span> <span class='ocrx_word' id='word_1_14' title='bbox 381 679 549 762; x_wconf 90' lang='lat' dir='ltr'>inpunitas.</span> <span class='ocrx_word' id='word_1_15' title='bbox 597 679 658 761; x_wconf 93' lang='lat' dir='ltr'>qui</span> <span class='ocrx_word' id='word_1_16' title='bbox 688 678 826 760; x_wconf 85' lang='lat' dir='ltr'>reddit,</span> <span class='ocrx_word' id='word_1_17' title='bbox 860 679 975 761; x_wconf 88' lang='lat' dir='ltr'>inquit,</span> <span class='ocrx_word' id='word_1_18' title='bbox 1009 680 1211 762; x_wconf 87' lang='lat' dir='ltr'>unicuique</span> 
     </span>
     <span class='ocr_line' id='line_1_4' title="bbox 81 783 1210 866; baseline 0 -20"><span class='ocrx_word' id='word_1_19' title='bbox 81 783 273 847; x_wconf 91' lang='lat' dir='ltr'>secundnm</span> <span class='ocrx_word' id='word_1_20' title='bbox 296 801 407 865; x_wconf 86' lang='lat' dir='ltr'>opera</span> <span class='ocrx_word' id='word_1_21' title='bbox 429 801 509 864; x_wconf 87' lang='lat' dir='ltr'>sua,</span> <span class='ocrx_word' id='word_1_22' title='bbox 532 787 615 848; x_wconf 88' lang='lat' dir='ltr'>certo</span> <span class='ocrx_word' id='word_1_23' title='bbox 638 801 700 848; x_wconf 96' lang='lat' dir='ltr'>non</span> <span class='ocrx_word' id='word_1_24' title='bbox 720 783 843 866; x_wconf 93' lang='lat' dir='ltr'>inponit</span> <span class='ocrx_word' id='word_1_25' title='bbox 862 783 938 847; x_wconf 93' lang='lat' dir='ltr'>deus</span> <span class='ocrx_word' id='word_1_26' title='bbox 959 783 1078 848; x_wconf 88' lang='lat' dir='ltr'>homini</span> <span class='ocrx_word' id='word_1_27' title='bbox 1101 801 1210 847; x_wconf 89' lang='lat' dir='ltr'>secun·</span> 
     </span>
     <span class='ocr_line' id='line_1_5' title="bbox 81 886 1210 971; baseline 0 -21"><span class='ocrx_word' id='word_1_28' title='bbox 81 887 145 950; x_wconf 92' lang='lat' dir='ltr'>dum</span> <span class='ocrx_word' id='word_1_29' title='bbox 176 887 418 970; x_wconf 82' lang='lat' dir='ltr'>praescientiam</span> <span class='ocrx_word' id='word_1_30' title='bbox 449 887 596 971; x_wconf 86' lang='lat' dir='ltr'>peccandi</span> <span class='ocrx_word' id='word_1_31' title='bbox 628 887 864 968; x_wconf 88' lang='lat' dir='ltr'>necessitatem,</span> <span class='ocrx_word' id='word_1_32' title='bbox 896 905 915 951; x_wconf 92' lang='lat' dir='ltr'>a</span> <span class='ocrx_word' id='word_1_33' title='bbox 946 905 1007 968; x_wconf 92' lang='lat' dir='ltr'>quo</span> <span class='ocrx_word' id='word_1_34' title='bbox 1039 886 1210 952; x_wconf 89' lang='lat' dir='ltr'>secundum</span> 
     </span>
     <span class='ocr_line' id='line_1_6' title="bbox 80 991 1263 1075; baseline 0.001 -21"><span class='ocrx_word' id='word_1_35' title='bbox 80 1010 162 1073; x_wconf 88' lang='lat' dir='ltr'>opera</span> <span class='ocrx_word' id='word_1_36' title='bbox 192 1010 250 1056; x_wconf 90' lang='lat' dir='ltr'>sna</span> <span class='ocrx_word' id='word_1_37' title='bbox 277 993 391 1075; x_wconf 88' lang='lat' dir='ltr'>legitur</span> <span class='ocrx_word' id='word_1_38' title='bbox 421 995 584 1056; x_wconf 78' lang='lat' dir='ltr'>exacturus</span> <span class='ocrx_word' id='word_1_39' title='bbox 612 1011 680 1056; x_wconf 87' lang='lat' dir='ltr'>esse</span> <span class='ocrx_word' id='word_1_40' title='bbox 707 992 870 1056; x_wconf 87' lang='lat' dir='ltr'>rationem.</span> <span class='ocrx_word' id='word_1_41' title='bbox 909 991 1078 1074; x_wconf 89' lang='lat' dir='ltr'>peccaui,</span> <span class='ocrx_word' id='word_1_42' title='bbox 1109 991 1212 1073; x_wconf 90' lang='lat' dir='ltr'>inquit</span> <span class='ocrx_word' id='word_1_43' title='bbox 1250 1017 1263 1055; x_wconf 82' lang='lat' dir='ltr'>e</span> 
     </span>
     <span class='ocr_line' id='line_1_7' title="bbox 80 1095 1209 1180; baseline -0.002 -20"><span class='ocrx_word' id='word_1_44' title='bbox 80 1096 237 1180; x_wconf 87' lang='lat' dir='ltr'>propheta,</span> <span class='ocrx_word' id='word_1_45' title='bbox 272 1099 308 1160; x_wconf 91' lang='lat' dir='ltr'>et</span> <span class='ocrx_word' id='word_1_46' title='bbox 341 1097 427 1179; x_wconf 89' lang='lat' dir='ltr'>quid</span> <span class='ocrx_word' id='word_1_47' title='bbox 461 1097 600 1160; x_wconf 87' lang='lat' dir='ltr'>accidit</span> <span class='ocrx_word' id='word_1_48' title='bbox 633 1096 723 1160; x_wconf 93' lang='lat' dir='ltr'>mihi</span> <span class='ocrx_word' id='word_1_49' title='bbox 756 1097 887 1160; x_wconf 79' lang='lat' dir='ltr'>triste?</span> <span class='ocrx_word' id='word_1_50' title='bbox 922 1095 980 1160; x_wconf 89' lang='lat' dir='ltr'>hoe</span> <span class='ocrx_word' id='word_1_51' title='bbox 1014 1099 1063 1159; x_wconf 88' lang='lat' dir='ltr'>est</span> <span class='ocrx_word' id='word_1_52' title='bbox 1096 1095 1209 1158; x_wconf 88' lang='lat' dir='ltr'>dicere:</span> 
     </span>
     <span class='ocr_line' id='line_1_8' title="bbox 79 1199 1210 1284; baseline -0.002 -20"><span class='ocrx_word' id='word_1_53' title='bbox 79 1204 190 1264; x_wconf 87' lang='lat' dir='ltr'>certum</span> <span class='ocrx_word' id='word_1_54' title='bbox 211 1204 260 1264; x_wconf 91' lang='lat' dir='ltr'>est</span> <span class='ocrx_word' id='word_1_55' title='bbox 280 1199 373 1264; x_wconf 92' lang='lat' dir='ltr'>deum</span> <span class='ocrx_word' id='word_1_56' title='bbox 393 1201 513 1264; x_wconf 88' lang='lat' dir='ltr'>nescire</span> <span class='ocrx_word' id='word_1_57' title='bbox 528 1203 667 1284; x_wconf 87' lang='lat' dir='ltr'>peccate,</span> <span class='ocrx_word' id='word_1_58' title='bbox 690 1200 743 1281; x_wconf 92' lang='lat' dir='ltr'>qui</span> <span class='ocrx_word' id='word_1_59' title='bbox 764 1217 825 1264; x_wconf 94' lang='lat' dir='ltr'>non</span> <span class='ocrx_word' id='word_1_60' title='bbox 846 1200 998 1264; x_wconf 88' lang='lat' dir='ltr'>accelerat</span> <span class='ocrx_word' id='word_1_61' title='bbox 1017 1217 1072 1283; x_wconf 92' lang='lat' dir='ltr'>pro</span> <span class='ocrx_word' id='word_1_62' title='bbox 1093 1199 1210 1264; x_wconf 90' lang='lat' dir='ltr'>ultione</span> 
     </span>
     <span class='ocr_line' id='line_1_9' title="bbox 79 1304 1211 1388; baseline 0 -20"><span class='ocrx_word' id='word_1_63' title='bbox 79 1305 230 1388; x_wconf 88' lang='lat' dir='ltr'>supplicia,</span> <span class='ocrx_word' id='word_1_64' title='bbox 255 1305 436 1370; x_wconf 90' lang='lat' dir='ltr'>etiterum:</span> <span class='ocrx_word' id='word_1_65' title='bbox 461 1305 555 1369; x_wconf 84' lang='lat' dir='ltr'>dixit</span> <span class='ocrx_word' id='word_1_66' title='bbox 577 1305 673 1370; x_wconf 91' lang='lat' dir='ltr'>enim</span> <span class='ocrx_word' id='word_1_67' title='bbox 696 1304 732 1368; x_wconf 94' lang='lat' dir='ltr'>in</span> <span class='ocrx_word' id='word_1_68' title='bbox 756 1304 864 1368; x_wconf 91' lang='lat' dir='ltr'>corde</span> <span class='ocrx_word' id='word_1_69' title='bbox 888 1323 968 1369; x_wconf 91' lang='lat' dir='ltr'>suo:</span> <span class='ocrx_word' id='word_1_70' title='bbox 992 1304 1130 1368; x_wconf 91' lang='lat' dir='ltr'>oblitus</span> <span class='ocrx_word' id='word_1_71' title='bbox 1154 1307 1211 1368; x_wconf 89' lang='lat' dir='ltr'>est</span> 
     </span>
     <span class='ocr_line' id='line_1_10' title="bbox 79 1409 1209 1492; baseline 0 -20"><span class='ocrx_word' id='word_1_72' title='bbox 79 1409 173 1490; x_wconf 90' lang='lat' dir='ltr'>deos,</span> <span class='ocrx_word' id='word_1_73' title='bbox 197 1410 338 1474; x_wconf 90' lang='lat' dir='ltr'>auertit</span> <span class='ocrx_word' id='word_1_74' title='bbox 360 1410 494 1474; x_wconf 85' lang='lat' dir='ltr'>faciem</span> <span class='ocrx_word' id='word_1_75' title='bbox 517 1428 636 1490; x_wconf 91' lang='lat' dir='ltr'>suam,</span> <span class='ocrx_word' id='word_1_76' title='bbox 668 1429 711 1474; x_wconf 90' lang='lat' dir='ltr'>ne</span> <span class='ocrx_word' id='word_1_77' title='bbox 734 1409 864 1474; x_wconf 89' lang='lat' dir='ltr'>uideat</span> <span class='ocrx_word' id='word_1_78' title='bbox 885 1427 1003 1492; x_wconf 90' lang='lat' dir='ltr'>usque</span> <span class='ocrx_word' id='word_1_79' title='bbox 1026 1410 1062 1472; x_wconf 93' lang='lat' dir='ltr'>in</span> <span class='ocrx_word' id='word_1_80' title='bbox 1085 1409 1209 1473; x_wconf 87' lang='lat' dir='ltr'>finem.</span> 
     </span>
     <span class='ocr_line' id='line_1_11' title="bbox 78 1513 1263 1598; baseline 0 -22"><span class='ocrx_word' id='word_1_81' title='bbox 78 1513 145 1578; x_wconf 91' lang='lat' dir='ltr'>dum</span> <span class='ocrx_word' id='word_1_82' title='bbox 167 1533 241 1598; x_wconf 91' lang='lat' dir='ltr'>ergo</span> <span class='ocrx_word' id='word_1_83' title='bbox 263 1514 338 1578; x_wconf 91' lang='lat' dir='ltr'>dicit</span> <span class='ocrx_word' id='word_1_84' title='bbox 360 1513 501 1578; x_wconf 91' lang='lat' dir='ltr'>oblitus</span> <span class='ocrx_word' id='word_1_85' title='bbox 525 1518 582 1578; x_wconf 91' lang='lat' dir='ltr'>est</span> <span class='ocrx_word' id='word_1_86' title='bbox 604 1515 708 1594; x_wconf 91' lang='lat' dir='ltr'>deus,</span> <span class='ocrx_word' id='word_1_87' title='bbox 736 1514 920 1596; x_wconf 87' lang='lat' dir='ltr'>patientiam</span> <span class='ocrx_word' id='word_1_88' title='bbox 942 1513 1132 1578; x_wconf 83' lang='lat' dir='ltr'>remittentis</span> <span class='ocrx_word' id='word_1_89' title='bbox 1156 1531 1210 1576; x_wconf 90' lang='lat' dir='ltr'>ne·</span> <span class='ocrx_word' id='word_1_90' title='bbox 1237 1537 1263 1577; x_wconf 87' lang='lat' dir='ltr'>ro</span> 
     </span>
     <span class='ocr_line' id='line_1_12' title="bbox 78 1617 1211 1702; baseline -0.002 -20"><span class='ocrx_word' id='word_1_91' title='bbox 78 1618 260 1702; x_wconf 89' lang='lat' dir='ltr'>glegentiam</span> <span class='ocrx_word' id='word_1_92' title='bbox 283 1618 399 1683; x_wconf 90' lang='lat' dir='ltr'>iudicat</span> <span class='ocrx_word' id='word_1_93' title='bbox 421 1619 593 1702; x_wconf 89' lang='lat' dir='ltr'>ignorantis</span> <span class='ocrx_word' id='word_1_94' title='bbox 619 1621 650 1684; x_wconf 93' lang='lat' dir='ltr'>et</span> <span class='ocrx_word' id='word_1_95' title='bbox 673 1619 842 1683; x_wconf 87' lang='lat' dir='ltr'>arbitratur</span> <span class='ocrx_word' id='word_1_96' title='bbox 866 1617 1009 1698; x_wconf 89' lang='lat' dir='ltr'>oblitum,</span> <span class='ocrx_word' id='word_1_97' title='bbox 1038 1617 1120 1698; x_wconf 92' lang='lat' dir='ltr'>quod</span> <span class='ocrx_word' id='word_1_98' title='bbox 1143 1635 1211 1680; x_wconf 89' lang='lat' dir='ltr'>ma·</span> 
     </span>
     <span class='ocr_line' id='line_1_13' title="bbox 77 1723 1210 1807; baseline -0.002 -19"><span class='ocrx_word' id='word_1_99' title='bbox 77 1723 236 1805; x_wconf 88' lang='lat' dir='ltr'>gnanimus</span> <span class='ocrx_word' id='word_1_100' title='bbox 263 1723 459 1807; x_wconf 85' lang='lat' dir='ltr'>dispensator</span> <span class='ocrx_word' id='word_1_101' title='bbox 481 1729 622 1788; x_wconf 87' lang='lat' dir='ltr'>reseruat</span> <span class='ocrx_word' id='word_1_102' title='bbox 644 1724 676 1788; x_wconf 94' lang='lat' dir='ltr'>in</span> <span class='ocrx_word' id='word_1_103' title='bbox 699 1727 869 1806; x_wconf 90' lang='lat' dir='ltr'>posterum.</span> <span class='ocrx_word' id='word_1_104' title='bbox 915 1741 976 1804; x_wconf 89' lang='lat' dir='ltr'>quo</span> <span class='ocrx_word' id='word_1_105' title='bbox 1004 1741 1117 1806; x_wconf 89' lang='lat' dir='ltr'>genere</span> <span class='ocrx_word' id='word_1_106' title='bbox 1145 1740 1210 1786; x_wconf 91' lang='lat' dir='ltr'>ms·</span> 
     </span>
     <span class='ocr_line' id='line_1_14' title="bbox 78 1826 1210 1912; baseline -0.001 -22"><span class='ocrx_word' id='word_1_107' title='bbox 78 1831 208 1892; x_wconf 89' lang='lat' dir='ltr'>tuentem</span> <span class='ocrx_word' id='word_1_108' title='bbox 221 1827 390 1892; x_wconf 89' lang='lat' dir='ltr'>admonitio</span> <span class='ocrx_word' id='word_1_109' title='bbox 403 1828 451 1891; x_wconf 90' lang='lat' dir='ltr'>dei</span> <span class='ocrx_word' id='word_1_110' title='bbox 467 1828 651 1912; x_wconf 78' lang='lat' dir='ltr'>castigantis</span> <span class='ocrx_word' id='word_1_111' title='bbox 668 1828 822 1908; x_wconf 86' lang='lat' dir='ltr'>emendat,</span> <span class='ocrx_word' id='word_1_112' title='bbox 839 1830 1092 1892; x_wconf 90' lang='lat' dir='ltr'>contemnentem</span> <span class='ocrx_word' id='word_1_113' title='bbox 1109 1826 1210 1910; x_wconf 85' lang='lat' dir='ltr'>magis</span> 
     </span>
     <span class='ocr_line' id='line_1_15' title="bbox 77 1929 1209 2015; baseline -0.001 -20"><span class='ocrx_word' id='word_1_114' title='bbox 77 1929 180 1996; x_wconf 85' lang='lat' dir='ltr'>lenitas</span> <span class='ocrx_word' id='word_1_115' title='bbox 195 1931 387 1996; x_wconf 89' lang='lat' dir='ltr'>moderantis</span> <span class='ocrx_word' id='word_1_116' title='bbox 403 1930 545 2012; x_wconf 89' lang='lat' dir='ltr'>obdurat,</span> <span class='ocrx_word' id='word_1_117' title='bbox 569 1935 605 1996; x_wconf 93' lang='grc' dir='ltr'>ιιι</span> <span class='ocrx_word' id='word_1_118' title='bbox 619 1935 709 2015; x_wconf 89' lang='lat' dir='ltr'>putet</span> <span class='ocrx_word' id='word_1_119' title='bbox 724 1933 762 1996; x_wconf 90' lang='lat' dir='ltr'>de</span> <span class='ocrx_word' id='word_1_120' title='bbox 785 1932 842 1996; x_wconf 94' lang='lat' dir='ltr'>deo</span> <span class='ocrx_word' id='word_1_121' title='bbox 866 1931 991 2014; x_wconf 90' lang='lat' dir='ltr'>impius,</span> <span class='ocrx_word' id='word_1_122' title='bbox 1014 1929 1096 2011; x_wconf 90' lang='lat' dir='ltr'>quod</span> <span class='ocrx_word' id='word_1_123' title='bbox 1111 1947 1209 2010; x_wconf 91' lang='lat' dir='ltr'>usque</span> 
     </span>
     <span class='ocr_line' id='line_1_16' title="bbox 77 2035 1261 2121; baseline 0.001 -23"><span class='ocrx_word' id='word_1_124' title='bbox 77 2035 209 2101; x_wconf 87' lang='lat' dir='ltr'>infinem</span> <span class='ocrx_word' id='word_1_125' title='bbox 225 2037 401 2121; x_wconf 87' lang='lat' dir='ltr'>ignorantia</span> <span class='ocrx_word' id='word_1_126' title='bbox 416 2037 601 2102; x_wconf 88' lang='lat' dir='ltr'>obscurante</span> <span class='ocrx_word' id='word_1_127' title='bbox 618 2055 680 2102; x_wconf 94' lang='lat' dir='ltr'>non</span> <span class='ocrx_word' id='word_1_128' title='bbox 695 2037 811 2117; x_wconf 89' lang='lat' dir='ltr'>uideat,</span> <span class='ocrx_word' id='word_1_129' title='bbox 832 2035 982 2118; x_wconf 90' lang='lat' dir='ltr'>quidquid</span> <span class='ocrx_word' id='word_1_130' title='bbox 1003 2035 1042 2099; x_wconf 89' lang='lat' dir='ltr'>ad</span> <span class='ocrx_word' id='word_1_131' title='bbox 1060 2051 1209 2118; x_wconf 86' lang='lat' dir='ltr'>praesens</span> <span class='ocrx_word' id='word_1_132' title='bbox 1237 2059 1261 2099; x_wconf 80' lang='lat' dir='ltr'>re</span> 
     </span>
     <span class='ocr_line' id='line_1_17' title="bbox 78 2137 1207 2224; baseline -0.002 -21"><span class='ocrx_word' id='word_1_133' title='bbox 78 2137 280 2206; x_wconf 85' lang='lat' dir='ltr'>beniuolentia</span> <span class='ocrx_word' id='word_1_134' title='bbox 299 2141 481 2206; x_wconf 87' lang='lat' dir='ltr'>sustinentis</span> <span class='ocrx_word' id='word_1_135' title='bbox 496 2141 607 2224; x_wconf 88' lang='lat' dir='ltr'>punire</span> <span class='ocrx_word' id='word_1_136' title='bbox 628 2141 813 2222; x_wconf 87' lang='lat' dir='ltr'>dissimulat,</span> <span class='ocrx_word' id='word_1_137' title='bbox 837 2145 879 2220; x_wconf 91' lang='lat' dir='ltr'>et,</span> <span class='ocrx_word' id='word_1_138' title='bbox 902 2157 975 2204; x_wconf 92' lang='lat' dir='ltr'>cnm</span> <span class='ocrx_word' id='word_1_139' title='bbox 997 2138 1144 2222; x_wconf 89' lang='lat' dir='ltr'>probetur</span> <span class='ocrx_word' id='word_1_140' title='bbox 1169 2137 1207 2201; x_wconf 89' lang='lat' dir='ltr'>ab</span> 
     </span>
     <span class='ocr_line' id='line_1_18' title="bbox 77 2242 1209 2329; baseline -0.002 -22"><span class='ocrx_word' id='word_1_141' title='bbox 77 2243 239 2310; x_wconf 86' lang='lat' dir='ltr'>insultante</span> <span class='ocrx_word' id='word_1_142' title='bbox 269 2249 478 2328; x_wconf 89' lang='lat' dir='ltr'>contemptus,</span> <span class='ocrx_word' id='word_1_143' title='bbox 506 2245 744 2310; x_wconf 87' lang='lat' dir='ltr'>obdurationem</span> <span class='ocrx_word' id='word_1_144' title='bbox 775 2247 903 2329; x_wconf 88' lang='lat' dir='ltr'>putatur</span> <span class='ocrx_word' id='word_1_145' title='bbox 933 2247 1087 2326; x_wconf 79' lang='lat' dir='ltr'>operatus</span> <span class='ocrx_word' id='word_1_146' title='bbox 1134 2242 1209 2306; x_wconf 93' lang='lat' dir='ltr'>dum</span> 
     </span>
     <span class='ocr_line' id='line_1_19' title="bbox 76 2349 1208 2434; baseline -0.001 -22"><span class='ocrx_word' id='word_1_147' title='bbox 76 2350 151 2414; x_wconf 91' lang='lat' dir='ltr'>enim</span> <span class='ocrx_word' id='word_1_148' title='bbox 181 2351 262 2414; x_wconf 89' lang='lat' dir='ltr'>iram</span> <span class='ocrx_word' id='word_1_149' title='bbox 284 2351 365 2416; x_wconf 90' lang='lat' dir='ltr'>inter</span> <span class='ocrx_word' id='word_1_150' title='bbox 396 2349 624 2416; x_wconf 86' lang='lat' dir='ltr'>crebrescentia</span> <span class='ocrx_word' id='word_1_151' title='bbox 653 2354 781 2434; x_wconf 88' lang='lat' dir='ltr'>peccata</span> <span class='ocrx_word' id='word_1_152' title='bbox 812 2349 985 2434; x_wconf 88' lang='lat' dir='ltr'>suspendit,</span> <span class='ocrx_word' id='word_1_153' title='bbox 1014 2351 1208 2432; x_wconf 88' lang='lat' dir='ltr'>peccatorem</span> 
     </span>
     <span class='ocr_line' id='line_1_20' title="bbox 76 2453 404 2539; baseline 0.012 -23"><span class='ocrx_word' id='word_1_154' title='bbox 76 2453 218 2520; x_wconf 89' lang='lat' dir='ltr'>insultare</span> <span class='ocrx_word' id='word_1_155' title='bbox 240 2455 404 2539; x_wconf 88' lang='lat' dir='ltr'>permittit.</span> 
     </span>
    </p>
   </div>
   <div class='ocr_carea' id='block_1_3' title="bbox 579 2597 1261 2708">
    <p class='ocr_par' dir='ltr' id='par_1_3' title="bbox 579 2597 1261 2708">
     <span class='ocr_line' id='line_1_21' title="bbox 579 2597 1261 2708; baseline -0.007 -14"><span class='ocrx_word' id='word_1_156' title='bbox 579 2629 696 2694; x_wconf 86' lang='lat' dir='ltr'>xvrm</span> <span class='ocrx_word' id='word_1_157' title='bbox 1117 2597 1124 2610; x_wconf 89' lang='lat'>&#39;</span> <span class='ocrx_word' id='word_1_158' title='bbox 1235 2669 1261 2708; x_wconf 58' lang='grc' dir='ltr'>,ο</span> 
     </span>
    </p>
   </div>
   <div class='ocr_carea' id='block_1_4' title="bbox 73 2769 1209 2902">
    <p class='ocr_par' dir='ltr' id='par_1_4' title="bbox 73 2769 1209 2902">
     <span class='ocr_line' id='line_1_22' title="bbox 73 2769 1209 2833; baseline -0.002 -22"><span class='ocrx_word' id='word_1_159' title='bbox 73 2771 189 2816; x_wconf 70' lang='lat' dir='ltr'>coum</span> <span class='ocrx_word' id='word_1_160' title='bbox 210 2773 283 2833; x_wconf 76' lang='lat' dir='ltr'>HOC,</span> <span class='ocrx_word' id='word_1_161' title='bbox 307 2773 393 2824; x_wconf 76' lang='lat' dir='ltr'>Quom</span> <span class='ocrx_word' id='word_1_162' title='bbox 414 2774 539 2833; x_wconf 73' lang='lat' dir='ltr'>DICUNT,</span> <span class='ocrx_word' id='word_1_163' title='bbox 563 2775 638 2823; x_wconf 73' lang='lat' dir='ltr'>oum</span> <span class='ocrx_word' id='word_1_164' title='bbox 659 2773 797 2815; x_wconf 74' lang='lat' dir='ltr'>floruimus</span> <span class='ocrx_word' id='word_1_165' title='bbox 817 2771 1005 2815; x_wconf 70' lang='lat' dir='ltr'>coadunare:</span> <span class='ocrx_word' id='word_1_166' title='bbox 1024 2771 1079 2812; x_wconf 80' lang='lat' dir='ltr'>Dur</span> <span class='ocrx_word' id='word_1_167' title='bbox 1103 2769 1209 2810; x_wconf 66' lang='lat' dir='ltr'>luemu-</span> 
     </span>
     <span class='ocr_line' id='line_1_23' title="bbox 467 2861 808 2902; baseline 0 0"><span class='ocrx_word' id='word_1_168' title='bbox 467 2861 592 2902; x_wconf 71' lang='lat' dir='ltr'>Laurus</span> <span class='ocrx_word' id='word_1_169' title='bbox 614 2862 645 2902; x_wconf 79' lang='lat' dir='ltr'>lu</span> <span class='ocrx_word' id='word_1_170' title='bbox 668 2861 808 2902; x_wconf 71' lang='lat' dir='ltr'><strong>MORTEM.</strong></span> 
     </span>
    </p>
   </div>
   <div class='ocr_carea' id='block_1_5' title="bbox 71 2973 1262 3580">
    <p class='ocr_par' dir='ltr' id='par_1_5' title="bbox 71 2973 1262 3580">
     <span class='ocr_line' id='line_1_24' title="bbox 111 2973 1209 3062; baseline -0.005 -19"><span class='ocrx_word' id='word_1_171' title='bbox 111 2977 141 3043; x_wconf 87' lang='lat' dir='ltr'>si</span> <span class='ocrx_word' id='word_1_172' title='bbox 165 2985 282 3058; x_wconf 88' lang='lat' dir='ltr'>antem,</span> <span class='ocrx_word' id='word_1_173' title='bbox 308 2983 343 3044; x_wconf 91' lang='lat' dir='ltr'>ut</span> <span class='ocrx_word' id='word_1_174' title='bbox 366 2979 440 3044; x_wconf 90' lang='lat' dir='ltr'>dicit</span> <span class='ocrx_word' id='word_1_175' title='bbox 462 2979 646 3059; x_wconf 84' lang='lat' dir='ltr'>haereticus,</span> <span class='ocrx_word' id='word_1_176' title='bbox 669 2997 726 3062; x_wconf 90' lang='lat' dir='ltr'>per</span> <span class='ocrx_word' id='word_1_177' title='bbox 749 2978 945 3042; x_wconf 90' lang='lat' dir='ltr'>uoluntatem</span> <span class='ocrx_word' id='word_1_178' title='bbox 969 2976 1018 3040; x_wconf 90' lang='lat' dir='ltr'>dei</span> <span class='ocrx_word' id='word_1_179' title='bbox 1042 2973 1209 3038; x_wconf 89' lang='lat' dir='ltr'>trahuntur</span> 
     </span>
     <span class='ocr_line' id='line_1_25' title="bbox 71 3078 1210 3168; baseline -0.003 -24"><span class='ocrx_word' id='word_1_180' title='bbox 71 3081 208 3148; x_wconf 88' lang='lat' dir='ltr'>homines</span> <span class='ocrx_word' id='word_1_181' title='bbox 235 3084 268 3148; x_wconf 91' lang='lat' dir='ltr'>in</span> <span class='ocrx_word' id='word_1_182' title='bbox 295 3083 518 3168; x_wconf 89' lang='lat' dir='ltr'>perditionem,</span> <span class='ocrx_word' id='word_1_183' title='bbox 549 3083 702 3165; x_wconf 89' lang='lat' dir='ltr'>quomodo</span> <span class='ocrx_word' id='word_1_184' title='bbox 730 3083 762 3146; x_wconf 95' lang='lat' dir='ltr'>in</span> <span class='ocrx_word' id='word_1_185' title='bbox 790 3082 923 3150; x_wconf 90' lang='lat' dir='ltr'>lectione</span> <span class='ocrx_word' id='word_1_186' title='bbox 947 3081 1069 3164; x_wconf 84' lang='lat' dir='ltr'>Regum</span> <span class='ocrx_word' id='word_1_187' title='bbox 1097 3078 1210 3142; x_wconf 84' lang='lat' dir='ltr'>mmier</span> 
     </span>
     <span class='ocr_line' id='line_1_26' title="bbox 71 3184 1262 3269; baseline -0.002 -21"><span class='ocrx_word' id='word_1_188' title='bbox 71 3185 204 3268; x_wconf 87' lang='lat' dir='ltr'>loquitur</span> <span class='ocrx_word' id='word_1_189' title='bbox 227 3187 267 3252; x_wconf 88' lang='lat' dir='ltr'>ad</span> <span class='ocrx_word' id='word_1_190' title='bbox 283 3187 399 3252; x_wconf 86' lang='lat' dir='ltr'>Dauid:</span> <span class='ocrx_word' id='word_1_191' title='bbox 438 3207 504 3252; x_wconf 90' lang='lat' dir='ltr'>nec</span> <span class='ocrx_word' id='word_1_192' title='bbox 527 3189 624 3268; x_wconf 89' lang='lat' dir='ltr'>uult,</span> <span class='ocrx_word' id='word_1_193' title='bbox 647 3187 759 3269; x_wconf 89' lang='lat' dir='ltr'>inquit,</span> <span class='ocrx_word' id='word_1_194' title='bbox 782 3187 871 3250; x_wconf 92' lang='lat' dir='ltr'>deus</span> <span class='ocrx_word' id='word_1_195' title='bbox 892 3185 1015 3269; x_wconf 90' lang='lat' dir='ltr'>perire</span> <span class='ocrx_word' id='word_1_196' title='bbox 1035 3184 1209 3262; x_wconf 90' lang='lat' dir='ltr'>animam,</span> <span class='ocrx_word' id='word_1_197' title='bbox 1236 3209 1262 3247; x_wconf 82' lang='lat' dir='ltr'>ee</span> 
     </span>
     <span class='ocr_line' id='line_1_27' title="bbox 72 3287 1209 3376; baseline -0.001 -26"><span class='ocrx_word' id='word_1_198' title='bbox 72 3291 330 3356; x_wconf 86' lang='lat' dir='ltr'>sedrotractat</span> <span class='ocrx_word' id='word_1_199' title='bbox 345 3293 530 3376; x_wconf 84' lang='lat' dir='ltr'>cogitans,</span> <span class='ocrx_word' id='word_1_200' title='bbox 551 3312 595 3356; x_wconf 87' lang='lat' dir='ltr'>na</span> <span class='ocrx_word' id='word_1_201' title='bbox 615 3292 767 3373; x_wconf 91' lang='lat' dir='ltr'>penitus</span> <span class='ocrx_word' id='word_1_202' title='bbox 788 3293 931 3374; x_wconf 91' lang='lat' dir='ltr'>pereat,</span> <span class='ocrx_word' id='word_1_203' title='bbox 956 3288 1017 3371; x_wconf 91' lang='lat' dir='ltr'>qui</span> <span class='ocrx_word' id='word_1_204' title='bbox 1039 3287 1209 3352; x_wconf 87' lang='lat' dir='ltr'>abiectus</span> 
     </span>
     <span class='ocr_line' id='line_1_28' title="bbox 71 3391 1209 3462; baseline -0.001 -6"><span class='ocrx_word' id='word_1_205' title='bbox 71 3397 145 3459; x_wconf 82' lang='lat' dir='ltr'>est?</span> <span class='ocrx_word' id='word_1_206' title='bbox 168 3397 244 3461; x_wconf 87' lang='lat' dir='ltr'>item</span> <span class='ocrx_word' id='word_1_207' title='bbox 264 3395 407 3462; x_wconf 85' lang='lat' dir='ltr'>Ezechiel</span> <span class='ocrx_word' id='word_1_208' title='bbox 431 3395 489 3460; x_wconf 92' lang='lat' dir='ltr'>sub</span> <span class='ocrx_word' id='word_1_209' title='bbox 512 3395 617 3461; x_wconf 88' lang='lat' dir='ltr'>uerbis</span> <span class='ocrx_word' id='word_1_210' title='bbox 641 3395 690 3460; x_wconf 91' lang='lat' dir='ltr'>dei</span> <span class='ocrx_word' id='word_1_211' title='bbox 712 3395 757 3460; x_wconf 90' lang='lat' dir='ltr'>ita</span> <span class='ocrx_word' id='word_1_212' title='bbox 780 3394 917 3458; x_wconf 90' lang='lat' dir='ltr'>disserit:</span> <span class='ocrx_word' id='word_1_213' title='bbox 942 3393 1058 3457; x_wconf 88' lang='lat' dir='ltr'>multo</span> <span class='ocrx_word' id='word_1_214' title='bbox 1082 3391 1209 3456; x_wconf 87' lang='lat' dir='ltr'>labora</span> 
     </span>
     <span class='ocr_line' id='line_1_29' title="bbox 71 3495 1209 3580; baseline 0 -22"><span class='ocrx_word' id='word_1_215' title='bbox 71 3499 239 3566; x_wconf 85' lang='lat' dir='ltr'>sudatum</span> <span class='ocrx_word' id='word_1_216' title='bbox 276 3505 334 3566; x_wconf 89' lang='lat' dir='ltr'>est</span> <span class='ocrx_word' id='word_1_217' title='bbox 367 3505 403 3566; x_wconf 87' lang='lat' dir='ltr'>et</span> <span class='ocrx_word' id='word_1_218' title='bbox 437 3518 507 3565; x_wconf 95' lang='lat' dir='ltr'>non</span> <span class='ocrx_word' id='word_1_219' title='bbox 543 3500 634 3566; x_wconf 82' lang='lat' dir='ltr'>exiit</span> <span class='ocrx_word' id='word_1_220' title='bbox 664 3499 708 3564; x_wconf 90' lang='lat' dir='ltr'>ab</span> <span class='ocrx_word' id='word_1_221' title='bbox 744 3517 785 3564; x_wconf 90' lang='lat' dir='ltr'>ea</span> <span class='ocrx_word' id='word_1_222' title='bbox 815 3497 929 3564; x_wconf 87' lang='lat' dir='ltr'>nimia</span> <span class='ocrx_word' id='word_1_223' title='bbox 962 3495 1094 3580; x_wconf 89' lang='lat' dir='ltr'>rubigo</span> <span class='ocrx_word' id='word_1_224' title='bbox 1129 3495 1209 3558; x_wconf 89' lang='lat' dir='ltr'>eius</span> 
     </span>
    </p>
   </div>
   <div class='ocr_carea' id='block_1_6' title="bbox 72 3709 1207 3872">
    <p class='ocr_par' dir='ltr' id='par_1_6' title="bbox 72 3709 1207 3872">
     <span class='ocr_line' id='line_1_30' title="bbox 170 3709 1207 3786; baseline -0.01 -15"><span class='ocrx_word' id='word_1_225' title='bbox 170 3716 198 3786; x_wconf 84' lang='lat'>2]</span> <span class='ocrx_word' id='word_1_226' title='bbox 217 3715 294 3770; x_wconf 86' lang='lat' dir='ltr'>Rom.</span> <span class='ocrx_word' id='word_1_227' title='bbox 307 3719 332 3780; x_wconf 84' lang='lat'>2,</span> <span class='ocrx_word' id='word_1_228' title='bbox 346 3719 369 3770; x_wconf 86' lang='grc'>6.</span> <span class='ocrx_word' id='word_1_229' title='bbox 440 3715 469 3785; x_wconf 86' lang='lat'>6]</span> <span class='ocrx_word' id='word_1_230' title='bbox 488 3713 568 3770; x_wconf 82' lang='lat' dir='ltr'>Eccli.</span> <span class='ocrx_word' id='word_1_231' title='bbox 584 3719 608 3782; x_wconf 89' lang='lat'>5,</span> <span class='ocrx_word' id='word_1_232' title='bbox 621 3715 645 3770; x_wconf 80' lang='lat'>4.</span> <span class='ocrx_word' id='word_1_233' title='bbox 717 3713 745 3783; x_wconf 91' lang='lat'>8]</span> <span class='ocrx_word' id='word_1_234' title='bbox 764 3711 865 3768; x_wconf 87' lang='lat' dir='ltr'>Psalm.</span> <span class='ocrx_word' id='word_1_235' title='bbox 881 3715 976 3776; x_wconf 75' lang='lat' dir='ltr'>lull.</span> <span class='ocrx_word' id='word_1_236' title='bbox 1047 3711 1093 3780; x_wconf 86' lang='grc'>25]</span> <span class='ocrx_word' id='word_1_237' title='bbox 1114 3709 1207 3778; x_wconf 85' lang='lat' dir='ltr'>2Reg.</span> 
     </span>
     <span class='ocr_line' id='line_1_31' title="bbox 72 3801 486 3872; baseline 0.007 -19"><span class='ocrx_word' id='word_1_238' title='bbox 72 3801 110 3864; x_wconf 78' lang='lat' dir='ltr'>lt,</span> <span class='ocrx_word' id='word_1_239' title='bbox 125 3805 164 3859; x_wconf 74' lang='lat'>14.</span> <span class='ocrx_word' id='word_1_240' title='bbox 216 3803 262 3872; x_wconf 81' lang='grc'>27]</span> <span class='ocrx_word' id='word_1_241' title='bbox 281 3802 486 3866; x_wconf 81' lang='lat' dir='ltr'>Ezech.24‚12.</span> 
     </span>
    </p>
   </div>
   <div class='ocr_carea' id='block_1_7' title="bbox 71 3996 1210 4422">
    <p class='ocr_par' dir='ltr' id='par_1_7' title="bbox 71 3996 1210 4422">
     <span class='ocr_line' id='line_1_32' title="bbox 114 3996 1208 4072; baseline -0.005 -15"><span class='ocrx_word' id='word_1_242' title='bbox 114 4004 126 4057; x_wconf 96' lang='lat' dir='ltr'>l</span> <span class='ocrx_word' id='word_1_243' title='bbox 154 4007 319 4059; x_wconf 85' lang='lat' dir='ltr'>contemtum</span> <span class='ocrx_word' id='word_1_244' title='bbox 346 4005 374 4058; x_wconf 89' lang='lat' dir='ltr'><em>P</em></span> <span class='ocrx_word' id='word_1_245' title='bbox 442 4003 641 4072; x_wconf 66' lang='lat' dir='ltr'>duniouiquae</span> <span class='ocrx_word' id='word_1_246' title='bbox 665 4003 693 4058; x_wconf 92' lang='lat' dir='ltr'><strong><em>P</em></strong></span> <span class='ocrx_word' id='word_1_247' title='bbox 762 4003 777 4056; x_wconf 83' lang='lat'>7</span> <span class='ocrx_word' id='word_1_248' title='bbox 805 3999 939 4055; x_wconf 83' lang='lat' dir='ltr'>adcelerat</span> <span class='ocrx_word' id='word_1_249' title='bbox 966 4000 992 4054; x_wconf 93' lang='lat' dir='ltr'><strong><em>P</em></strong></span> <span class='ocrx_word' id='word_1_250' title='bbox 1061 4002 1077 4054; x_wconf 84' lang='lat'>8</span> <span class='ocrx_word' id='word_1_251' title='bbox 1105 3996 1170 4050; x_wconf 84' lang='lat' dir='ltr'>dicit</span> <span class='ocrx_word' id='word_1_252' title='bbox 1193 4015 1208 4052; x_wconf 89' lang='lat' dir='ltr'>o</span> 
     </span>
     <span class='ocr_line' id='line_1_33' title="bbox 72 4083 1210 4158; baseline -0.005 -16"><span class='ocrx_word' id='word_1_253' title='bbox 72 4089 199 4158; x_wconf 67' lang='lat' dir='ltr'>bnoquae</span> <span class='ocrx_word' id='word_1_254' title='bbox 218 4093 245 4146; x_wconf 94' lang='lat' dir='ltr'><strong><em>P</em></strong></span> <span class='ocrx_word' id='word_1_255' title='bbox 316 4093 346 4148; x_wconf 88' lang='lat'>11</span> <span class='ocrx_word' id='word_1_256' title='bbox 367 4090 545 4158; x_wconf 87' lang='lat' dir='ltr'>magnanimis</span> <span class='ocrx_word' id='word_1_257' title='bbox 565 4091 601 4144; x_wconf 87' lang='lat' dir='ltr'>P¹</span> <span class='ocrx_word' id='word_1_258' title='bbox 673 4092 705 4145; x_wconf 88' lang='lat'>13</span> <span class='ocrx_word' id='word_1_259' title='bbox 723 4087 863 4142; x_wconf 85' lang='lat' dir='ltr'>ammoniti</span> <span class='ocrx_word' id='word_1_260' title='bbox 883 4089 910 4142; x_wconf 89' lang='lat' dir='ltr'><em>P</em></span> <span class='ocrx_word' id='word_1_261' title='bbox 979 4087 1163 4139; x_wconf 83' lang='lat' dir='ltr'>contemnente</span> <span class='ocrx_word' id='word_1_262' title='bbox 1183 4083 1210 4137; x_wconf 92' lang='lat' dir='ltr'><strong><em>P</em></strong></span> 
     </span>
     <span class='ocr_line' id='line_1_34' title="bbox 74 4173 1209 4245; baseline -0.004 -15"><span class='ocrx_word' id='word_1_263' title='bbox 74 4175 101 4228; x_wconf 77' lang='lat' dir='ltr'>lt</span> <span class='ocrx_word' id='word_1_264' title='bbox 122 4193 218 4245; x_wconf 82' lang='lat' dir='ltr'>nequae</span> <span class='ocrx_word' id='word_1_265' title='bbox 237 4181 264 4234; x_wconf 91' lang='lat' dir='ltr'><strong><em>P</em></strong></span> <span class='ocrx_word' id='word_1_266' title='bbox 329 4181 360 4234; x_wconf 80' lang='lat'>17</span> <span class='ocrx_word' id='word_1_267' title='bbox 379 4181 529 4232; x_wconf 84' lang='lat' dir='ltr'>contemtus</span> <span class='ocrx_word' id='word_1_268' title='bbox 548 4178 575 4230; x_wconf 94' lang='lat' dir='ltr'><em>P</em></span> <span class='ocrx_word' id='word_1_269' title='bbox 640 4181 671 4234; x_wconf 89' lang='lat'>18</span> <span class='ocrx_word' id='word_1_270' title='bbox 690 4175 878 4230; x_wconf 87' lang='lat' dir='ltr'>crebriscentio</span> <span class='ocrx_word' id='word_1_271' title='bbox 897 4177 924 4230; x_wconf 96' lang='lat' dir='ltr'><em>P</em></span> <span class='ocrx_word' id='word_1_272' title='bbox 991 4173 1209 4240; x_wconf 71' lang='lat' dir='ltr'>aledramno</span> 
     </span>
     <span class='ocr_line' id='line_1_35' title="bbox 72 4256 1210 4330; baseline -0.005 -12"><span class='ocrx_word' id='word_1_273' title='bbox 72 4259 281 4330; x_wconf 82' lang='lat' dir='ltr'>impellunturv</span> <span class='ocrx_word' id='word_1_274' title='bbox 333 4265 415 4320; x_wconf 77' lang='lat' dir='ltr'>auin</span> <span class='ocrx_word' id='word_1_275' title='bbox 442 4267 662 4320; x_wconf 71' lang='lat' dir='ltr'>mortesmortes</span> <span class='ocrx_word' id='word_1_276' title='bbox 714 4266 747 4318; x_wconf 80' lang='lat'>23</span> <span class='ocrx_word' id='word_1_277' title='bbox 770 4263 903 4316; x_wconf 87' lang='lat' dir='ltr'>hereticus</span> <span class='ocrx_word' id='word_1_278' title='bbox 927 4263 954 4318; x_wconf 90' lang='lat' dir='ltr'><em>P</em></span> <span class='ocrx_word' id='word_1_279' title='bbox 1006 4263 1039 4315; x_wconf 83' lang='grc'>25</span> <span class='ocrx_word' id='word_1_280' title='bbox 1060 4256 1154 4329; x_wconf 90' lang='lat' dir='ltr'>inquid</span> <span class='ocrx_word' id='word_1_281' title='bbox 1183 4259 1210 4312; x_wconf 87' lang='lat' dir='ltr'><em>P</em></span> 
     </span>
     <span class='ocr_line' id='line_1_36' title="bbox 71 4347 824 4422; baseline 0.005 -20"><span class='ocrx_word' id='word_1_282' title='bbox 71 4347 103 4402; x_wconf 76' lang='grc'>26</span> <span class='ocrx_word' id='word_1_283' title='bbox 121 4351 239 4418; x_wconf 83' lang='lat' dir='ltr'>paenitus</span> <span class='ocrx_word' id='word_1_284' title='bbox 258 4353 286 4406; x_wconf 92' lang='lat' dir='ltr'><em>P</em></span> <span class='ocrx_word' id='word_1_285' title='bbox 338 4353 444 4422; x_wconf 86' lang='lat' dir='ltr'>paereat</span> <span class='ocrx_word' id='word_1_286' title='bbox 461 4351 488 4406; x_wconf 90' lang='lat' dir='ltr'><em>P</em></span> <span class='ocrx_word' id='word_1_287' title='bbox 540 4353 572 4406; x_wconf 81' lang='grc'>22</span> <span class='ocrx_word' id='word_1_288' title='bbox 591 4349 668 4420; x_wconf 89' lang='lat' dir='ltr'>item]</span> <span class='ocrx_word' id='word_1_289' title='bbox 687 4354 714 4403; x_wconf 87' lang='lat' dir='ltr'>st</span> <span class='ocrx_word' id='word_1_290' title='bbox 732 4351 824 4406; x_wconf 79' lang='lat' dir='ltr'>addo</span> 
     </span>
    </p>
   </div>
   <div class='ocr_carea' id='block_1_8' title="bbox 0 0 1464 4930">
    <p class='ocr_par' dir='ltr' id='par_1_8' title="bbox 0 0 1464 4930">
     <span class='ocr_line' id='line_1_37' title="bbox 0 0 1464 4930; baseline 0 2"><span class='ocrx_word' id='word_1_291' title='bbox 0 0 1464 4930; x_wconf 95' lang='lat' dir='ltr'> </span> 
     </span>
    </p>
   </div>
  </div>
 </body>
</html>
