2924 4924
546 439 611 494 1111,
631 440 740 494 Sermo
760 444 799 496 19.
1177 440 1240 504 299

65 656 67 662 ·
102 620 150 681 est
173 617 257 697 dare,
280 616 379 700 possit
402 618 496 682 etiam
520 635 593 681 eum
616 621 774 681 mortuum
798 617 961 696 suscitare,
985 621 1016 680 et
1038 617 1106 681 ideo
1129 635 1238 681 uerum

101 721 179 801 dico,
202 722 294 803 quod,
318 741 390 786 eum
414 723 657 802 adorauerimus,
681 725 875 785 reuertemur
899 721 937 785 ed
960 739 1026 785 uos.

144 826 233 907 Quod
257 831 363 891 autem
386 827 467 891 aries
490 827 610 891 occisus
635 831 683 890 est
705 831 737 890 et
752 827 841 890 Isaac
861 845 922 891 non
946 826 1066 890 occisus
1091 829 1148 906 est,
1171 826 1239 891 ideo

100 933 220 996 factum
248 935 305 1012 est,
334 933 414 1014 quod
437 932 527 996 Isaac
550 931 649 1015 figura
672 935 787 995 elnon
811 932 926 994 ueritas
950 936 1026 1011 eret,
1055 935 1086 995 et
1112 931 1145 995 in
1172 931 1238 1014 ipso

99 1055 174 1120 ergo
205 1038 405 1120 designatum
432 1041 489 1118 est,
517 1037 599 1118 quod
626 1041 736 1118 postea
761 1037 793 1100 in
822 1035 945 1101 Christo
973 1036 1152 1119 conpletum
1181 1039 1237 1100 est.
1279 1067 1291 1104 s

98 1143 204 1206 uidete
238 1143 399 1206 dominum
434 1159 550 1226 magna
582 1161 654 1206 cum
688 1141 867 1206 hominibus
900 1142 1015 1224 pietate
1055 1144 1238 1205 certantem.

98 1247 262 1311 Abraham
285 1247 450 1311 mortalem
473 1247 572 1310 filium
596 1264 657 1310 non
681 1247 868 1311 moriturum
892 1247 1006 1310 obtulit
1029 1246 1085 1310 deo
1109 1249 1140 1310 et
1163 1245 1239 1309 deus

99 1351 300 1416 inmortalem
324 1351 423 1415 lilium
447 1371 502 1435 pro
522 1351 703 1415 hominibus
723 1351 850 1415 tradidit
870 1351 970 1415 morti.
1008 1355 1114 1434 potest
1133 1353 1239 1414 temen

99 1456 136 1520 de
160 1456 253 1520 heato
276 1457 365 1520 Isaac
388 1460 420 1520 et
443 1457 481 1519 de
501 1457 553 1520 illo
574 1456 670 1519 ariete
691 1457 784 1519 etiam
805 1456 849 1520 sio
869 1456 1018 1539 intellegi,
1042 1460 1077 1520 ut
1095 1456 1127 1519 in
1147 1455 1239 1519 beato

98 1559 188 1624 isaac
216 1560 392 1644 significata
414 1561 455 1624 sit
478 1561 634 1640 diuinitas,
661 1561 692 1624 in
718 1561 812 1624 ariete
840 1561 1018 1624 humanitas
1043 1559 1169 1625 Christi.
1209 1563 1240 1623 et
1267 1590 1292 1628 n

96 1665 180 1747 quod
203 1665 236 1729 in
259 1666 404 1748 passione
427 1683 489 1729 non
513 1665 671 1745 diuinitas,
694 1664 763 1738 <sed
785 1664 979 1748 hnmanitas>
1005 1663 1150 1728 crucifixa
1172 1682 1238 1728 cre·

97 1771 200 1850 datur,
232 1771 299 1834 ideo
329 1789 390 1834 non
420 1771 520 1851 Isaac,
551 1771 605 1834 sed
635 1771 714 1834 aries
745 1771 934 1834 immolatur.
973 1770 1023 1833 dei
1054 1769 1137 1834 enirn
1168 1769 1237 1833 uui·

96 1877 224 1958 genitus
247 1875 377 1939 offertur
400 1878 431 1938 ct
453 1875 583 1958 uirginis
606 1875 832 1958 primogenitus
855 1875 1045 1938 immolatur.

140 1979 257 2043 Audite
280 1979 364 2043 aliud
389 1985 632 2060 sacramentum,
655 1979 768 2043 iratres
792 1979 956 2043 carissimi.
994 1979 1104 2042 beatus
1128 1979 1238 2042 Hiero-

96 2103 211 2167 nymus
236 2083 397 2166 presbyter
420 2085 545 2167 scripsit
572 2084 610 2148 at
640 2084 775 2166 antiquis
799 2087 830 2147 et
857 2083 1030 2148 senioribus
1052 2083 1176 2148 Iudaeis
1204 2101 1237 2146 se
1266 2112 1289 2152 rs

95 2191 272 2254 certissime
303 2191 479 2273 agnouisse,
511 2190 592 2272 quod
623 2189 665 2254 ibi
695 2189 818 2253 oblutus
849 2190 890 2253 sit
919 2189 1018 2270 Isaac,
1049 2189 1102 2253 ubi
1129 2193 1238 2271 postea

96 2293 242 2360 Christus
263 2294 428 2358 crucifixus
450 2299 505 2358 est.
531 2292 678 2376 <donique
699 2295 737 2358 ab
759 2313 794 2358 eo
810 2295 887 2375 loco,
910 2294 992 2359 unde
1007 2293 1120 2358 beatus
1136 2291 1238 2356 Abre-

94 2399 170 2463 ham
201 2400 306 2462 iussus
337 2403 385 2463 est
412 2399 575 2482 proficisci,
607 2399 697 2462 tertio
725 2399 772 2462 die
801 2399 840 2463 ad
866 2400 981 2480 locum,
1011 2399 1065 2463 ubi
1093 2397 1236 2462 Christus

94 2503 262 2568 crucifixus
286 2503 356 2587 est),
379 2503 569 2586 peruenitur.
610 2504 704 2567 etiam
728 2509 759 2568 et
781 2504 840 2569 hoc
863 2505 1062 2592 antiquorum
1085 2503 1237 2567 relatione

92 2609 238 2688 refertur,
262 2609 344 2690 quod
369 2613 400 2672 et
422 2608 524 2672 Adam
548 2608 668 2690 primus
691 2609 784 2673 homo
807 2609 874 2692 ipso
897 2610 975 2689 loco,
1006 2609 1059 2672 ubi
1082 2627 1155 2672 crux
1177 2607 1237 2672 fixa
1263 2635 1289 2675 ro

93 2719 153 2794 est,
185 2713 281 2777 suerit
311 2713 475 2794 aliquando
507 2715 646 2796 sepultus
675 2717 705 2777 et
736 2714 805 2778 ideo
836 2715 990 2778 caluariae
1018 2715 1103 2778 locus
1135 2714 1236 2777 dictus

92 2823 152 2898 est,
178 2817 253 2899 quia
274 2817 410 2899 primum
435 2821 528 2899 caput
549 2817 679 2881 humani
702 2818 825 2900 generis
847 2817 890 2881 ibi
914 2817 1025 2884 dicitur
1048 2836 1116 2880 esse
1133 2817 1237 2898 sepul-

92 2928 172 2986 tum.
213 2925 244 2985 et
264 2941 347 3002 uere,
371 2923 494 3002 iratres,
518 2941 579 2987 non
600 2924 767 3006 incongrue
784 2923 928 3004 creditur,
953 2923 1034 3004 quod
1054 2921 1097 2986 ibi
1115 2925 1236 2986 erectus

92 3027 132 3090 sit
157 3026 308 3106 medicus,
332 3025 383 3089 ubi
406 3025 527 3090 iacebat
550 3031 705 3110 aegrotus.
745 3031 776 3091 et
796 3027 924 3111 dignum
945 3031 1021 3107 eret,
1045 3031 1088 3108 ut,
1113 3025 1165 3090 ubi
1186 3043 1236 3088 oc-

92 3132 214 3195 ciderat
236 3130 374 3195 humane
398 3130 551 3213 superbis,
582 3131 625 3195 ibi
648 3151 681 3195 se
705 3132 870 3196 inclinaret
898 3133 1003 3196 diuina
1026 3132 1236 3196 misericordia
1262 3157 1288 3198 ss

91 3243 122 3300 et
154 3236 283 3318 sanguis
311 3235 363 3298 ille
392 3235 546 3318 pretiosus
575 3237 669 3300 ctiam
697 3237 895 3320 corporaliter
922 3237 1086 3320 puluerem
1114 3237 1235 3320 antiqui

90 3340 276 3424 peccatoris,
304 3339 378 3403 dum
407 3339 554 3423 dignetur
582 3341 727 3406 stillando
755 3342 945 3426 contingere,
972 3341 1142 3407 redemisse
1170 3361 1236 3407 cre-

90 3445 195 3508 datur.
221 3443 298 3508 haec
322 3443 416 3524 enim,
440 3445 552 3508 fratres
576 3445 738 3526 carissimi,
766 3447 936 3511 secundum
961 3447 1043 3529 quod
1065 3448 1235 3531 potuimus,

90 3549 128 3612 de
153 3549 285 3612 diuersis
309 3549 532 3631 scripturarum
555 3549 769 3615 uoluminibus
793 3570 847 3634 pro
871 3552 994 3616 animae
1018 3555 1141 3616 uestrae
1164 3569 1235 3636 pro-

90 3655 175 3717 lectu
199 3651 385 3736 collegimus
409 3655 440 3716 et
463 3654 600 3717 caritatis
625 3655 886 3738 contemplatione
914 3657 1139 3741 suggessimus
1177 3675 1234 3722 uos
1261 3682 1287 3723 so

198 3806 243 3876 il]
263 3805 413 3876 Hierontl)
432 3823 527 3862 comni.
541 3808 568 3862 in
587 3808 667 3864 Marc.
683 3813 723 3865 15.

133 3962 367 4019 2reuertimurD
420 3965 684 4022 3isacDonmldus
702 3969 768 4023 loeta
820 3969 1097 4038 estletisecadd.l)
1149 3969 1234 4026 liac-

89 4062 133 4104 tus
154 4053 184 4106 D
242 4051 378 4120 et-ergo]
398 4051 425 4104 in
444 4052 501 4120 ipso
520 4051 590 4106 enim
611 4055 681 4124 Aug.
747 4058 777 4110 11
798 4055 1016 4110 sedhumauitas
1035 4060 1115 4127 stop„
1134 4077 1177 4115 om
1205 4061 1234 4114 D

89 4137 298 4206 creditnrrlup.
355 4139 386 4192 13
405 4137 571 4193 odereturll
627 4143 656 4196 ll
676 4141 743 4195 aliut
761 4143 790 4196 I)
842 4143 1006 4197 iheronimus
1026 4145 1054 4198 D
1109 4149 1139 4200 17
1159 4145 1233 4200 deni·

89 4223 319 4292 que—crucifixus
337 4229 378 4276 est
396 4227 476 4295 Aug,
495 4245 545 4282 ono.
567 4227 594 4280 1)
657 4231 688 4283 lo
707 4233 734 4282 et
752 4247 802 4284 om.
816 4231 887 4300 Aop.
947 4231 1073 4284 relatione
1093 4235 1174 4303 drap,
1193 4251 1232 4287 re-

89 4309 266 4365 uelationeD
318 4313 352 4366 20
371 4312 404 4364 ad
423 4311 544 4367 adami)
596 4330 658 4367 crux
676 4315 728 4369 fixa
740 4317 821 4388 Aug,
841 4317 964 4373 crucifixa
978 4320 1006 4373 11
1058 4323 1092 4376 22
1105 4321 1233 4390 oapudD

88 4401 120 4454 ’17
141 4397 316 4468 continguere
334 4399 364 4453 1)
416 4399 554 4454 redimisse
574 4403 602 4456 1)
