2924 4924
551 403 615 458 1111.
636 405 745 458 Sermo
765 407 805 461 11.
1183 407 1247 470 263

83 596 220 662 ,gruum
244 597 294 644 me
318 580 368 644 uel
385 579 583 663 ,superfluum
607 580 732 662 iudicet,
756 599 851 664 quare
867 581 957 646 uobis
980 585 1045 647 tam
1068 583 1247 664 frequenter

100 684 357 749 tremescendum
381 687 413 749 et
435 685 554 750 utiliter
570 687 840 769 expauescendum
857 686 939 751 diem
962 686 1067 751 iudicii
1089 687 1247 751 insinuare

99 787 269 853 contendo.
315 789 434 870 siquis
457 793 515 870 est,
538 790 589 854 eui
611 789 691 854 ferte
713 790 746 855 in
769 790 828 854 hac
850 794 939 874 parte
962 791 1152 875 displiceam,
1175 808 1248 854 ecn-

100 891 222 956 siderst
250 893 425 976 perieulum
455 911 561 958 meum
592 898 624 958 et
653 894 759 959 audiat
785 894 947 960 dominum
978 913 1033 978 per
1062 895 1247 978 prophetam

100 997 260 1062 sacerdoti
289 997 468 1062 terribiliter
498 999 759 1064 comminantem:
796 1000 826 1064 si
860 1017 930 1063 nen
965 999 1248 1063 adnuntiaueris
1288 1027 1301 1068 ⁵

100 1102 236 1184 inique
269 1103 510 1184 iniquitatem
544 1121 662 1184 suam,
696 1105 919 1188 sanguinem
954 1105 1033 1168 cius
1064 1103 1106 1167 de
1140 1122 1249 1168 manu

100 1209 169 1270 tna
191 1206 395 1288 requiram,
424 1209 604 1272 etiterum:
633 1209 766 1288 clama,
790 1227 833 1272 ne
856 1226 996 1288 cesses,
1021 1208 1126 1290 quasi
1149 1207 1248 1288 tuba,

100 1309 224 1392 inquit,
263 1311 385 1375 exalta
421 1329 549 1376 uocem
583 1315 684 1376 tuam
719 1315 755 1376 et
789 1312 970 1376 adnuntia
1002 1312 1137 1395 popule
1170 1330 1248 1376 mac

99 1418 265 1496 peccata
294 1433 428 1480 eorum.
475 1416 529 1480 sed
559 1415 638 1481 ferte
666 1416 777 1498 aliquis
808 1415 904 1480 dicat:
936 1434 1031 1498 quare
1062 1415 1150 1481 nobis
1182 1420 1248 1480 tam

99 1519 183 1582 dura
206 1518 334 1582 adsidue
357 1521 596 1603 praedicantur?
642 1521 715 1602 quia
737 1520 849 1584 melius
865 1504 914 1584 est
935 1521 986 1584 hic
1007 1538 1138 1605 paruam
1162 1539 1248 1585 ama·
1276 1547 1301 1586 ie

99 1623 277 1687 ritudinem
305 1625 458 1688 sustinere
482 1629 513 1689 et
538 1629 648 1708 postea
671 1625 709 1689 ad
733 1629 892 1689 aeternam
916 1625 1112 1689 dulcedinem
1139 1643 1249 1707 perue-

100 1728 182 1808 nire,
212 1745 307 1809 quam
334 1728 384 1792 hic
411 1728 525 1793 habers
548 1729 697 1813 gaudium
725 1728 840 1793 falsum
865 1732 895 1792 et
917 1729 982 1793 illic
1005 1728 1159 1793 sustinere
1182 1729 1249 1792 sine

100 1831 167 1896 fine
187 1831 386 1914 supplicium.
422 1833 536 1914 audite,
559 1834 683 1913 fratres,
703 1851 842 1914 nonme,
858 1833 913 1898 aed
928 1833 1088 1898 deminum
1104 1833 1136 1896 in
1153 1851 1249 1898 euan-

99 1937 187 2019 gelio
212 1935 383 2000 dicentem:
421 1937 537 2018 beati,
571 1938 634 2019 qui
660 1938 792 2022 lugent
825 1955 936 2018 nunc,
970 1937 1143 2019 quoniam
1176 1937 1248 2020 ipsi

99 2039 418 2122 consolabuntur,
447 2045 493 2105 et:
524 2059 591 2106 uae
618 2041 742 2123 uobis,
771 2043 832 2124 qui
859 2041 990 2106 ridetis
1019 2059 1131 2122 nunc,
1162 2042 1249 2124 quia
1276 2066 1301 2106 15

100 2143 255 2208 flebitis
278 2149 314 2208 et
334 2144 528 2229 lugebitis.
569 2149 600 2210 et
621 2145 679 2211 hcc
703 2145 872 2226 adtendite,
895 2146 1020 2227 fratrea,
1044 2146 1117 2228 quia
1139 2163 1248 2210 omnes

100 2249 249 2314 canales
272 2249 395 2330 medici,
419 2250 561 2332 quotiens
585 2250 624 2314 ad
647 2266 710 2330 ecs,
741 2251 846 2332 quiin
870 2267 996 2333 corpore
1020 2253 1180 2334 aegrotare
1203 2251 1249 2314 ui-

99 2354 231 2434 dentur,
259 2354 397 2434 ueniunt,
426 2354 539 2435 emnia,
568 2371 646 2436 quae
670 2355 714 2418 eis
738 2353 933 2418 delectabilia
956 2373 1024 2418 esse
1051 2353 1248 2435 uidebantur,

100 2457 273 2522 abscidunt
295 2460 337 2538 et,
361 2458 442 2540 qued
465 2459 554 2522 dulce
578 2463 635 2538 est,
660 2458 699 2522 ad
721 2459 879 2542 integrum
903 2459 1102 2523 interdicunt.
1131 2459 1249 2541 aliquo-

98 2564 187 2626 tiens
223 2561 318 2626 etiam
350 2561 500 2646 frigidum
530 2563 668 2644 accipere
702 2581 764 2627 non
797 2563 993 2646 permittunt,
1027 2563 1184 2627 interdum
1216 2567 1248 2628 et
1274 2587 1302 2627 ao

100 2665 320 2731 amarissimas
343 2669 485 2750 potiones
507 2666 615 2731 bibere
637 2670 753 2751 cogunt
777 2671 808 2731 et
830 2667 1038 2748 asperissimis
1062 2668 1111 2731 uel
1136 2667 1249 2732 acutis-

99 2770 195 2835 simis
224 2770 421 2835 ferramentis
449 2787 557 2835 cerum
584 2771 716 2836 uulnera
741 2771 921 2854 frequenter
947 2771 1143 2835 intercidunt.
1189 2771 1248 2835 hcc

100 2891 190 2959 ergo,
215 2874 298 2956 qued
320 2893 376 2958 pre
399 2875 533 2940 sanitate
556 2875 696 2939 carnales
720 2875 832 2939 medici
855 2875 974 2939 faciunt
997 2892 1170 2958 corporum,
1192 2893 1248 2958 prc

99 2980 286 3046 animarum
309 2979 410 3044 salute
433 2980 590 3063 spiritales
614 2980 727 3044 medici
751 2997 892 3044 exercere
915 2979 1114 3044 contendunt.

146 3083 240 3148 Haec
270 3101 343 3167 ergo
373 3085 525 3168 cogitans,
555 3085 668 3148 iratres
700 3083 905 3165 dilectissimi,
937 3087 968 3148 et
997 3087 1062 3148 tam
1092 3101 1148 3167 pro
1179 3101 1250 3148 mea
1275 3107 1301 3147 ac

100 3205 201 3272 quarn
218 3193 396 3272 prunestre
418 3189 518 3254 salute
541 3189 694 3254 rationem
717 3207 768 3252 me
790 3187 983 3252 redditurum
1006 3207 1074 3252 esse
1098 3191 1170 3252 ante
1193 3187 1250 3252 tri·

99 3293 204 3358 bunal
237 3293 356 3356 aeterni
386 3292 495 3357 iudicis
527 3310 590 3356 nen
619 3293 767 3376 ignorans
798 3292 868 3356 uolo
899 3310 955 3376 ege
985 3310 1095 3374 aspera
1123 3292 1249 3374 quidem

101 3397 161 3464 sed
185 3395 326 3462 salubria
348 3395 438 3462 uobis
462 3397 692 3462 medicamenta
714 3397 867 3480 ingerere,
894 3399 929 3460 ut
951 3395 1115 3462 uobiscum
1141 3400 1250 3481 pastea

214 3647 445 3718 transnare.
492 3648 519 3717 7]
538 3647 663 3714 usses,
679 3651 701 3703 1.
748 3648 792 3717 rr]
811 3647 907 3702 naeth.
922 3651 946 3713 5,
959 3650 983 3704 5.
1029 3647 1073 3717 15]
1092 3647 1248 3710 nuaaas

150 3850 248 3950 imai
262 3894 291 3949 n
344 3891 420 3946 noue
438 3893 478 3947 n¹
533 3849 649 3948 souin
702 3889 865 3960 dispicial)
919 3889 1116 3958 cuffinstein
1168 3891 1250 3958 epar

101 3981 328 4053 Auy.,om.1r·
367 3977 538 4035 5tarribiter
555 3979 585 4034 D
647 3977 761 4034 lcessis
779 3979 810 4033 D
870 3975 999 4047 8inquid
1016 3977 1046 4032 D
1108 3979 1138 4032 ll
1159 3975 1250 4030 eterna

101 4067 272 4124 dulcidinem
291 4068 320 4123 D
392 4069 424 4122 13
442 4063 548 4170 euuabg
566 4065 596 4120 D
667 4067 699 4122 14
720 4064 829 4134 lugiunt
851 4065 880 4120 D
951 4067 983 4121 15
1007 4080 1039 4118 ua
1058 4064 1088 4119 D
1159 4065 1191 4120 18
1210 4061 1249 4116 di-

101 4180 244 4238 recuccus
262 4181 291 4236 n
351 4183 385 4236 ao
403 4145 475 4233 ssia
494 4179 523 4234 n
583 4181 616 4234 ar
636 4179 812 4233 conusens
830 4179 859 4234 n
916 4176 1120 4246 urrunnun
1175 4175 1249 4244 igno-

104 4287 149 4324 ras
170 4270 200 4325 D
275 4265 336 4322 uolo
354 4282 403 4336 ege
420 4267 528 4338 caepa,
548 4265 607 4322 uolo
626 4281 688 4338 ergo
707 4266 744 4338 D,
762 4265 831 4340 eligo
849 4267 919 4338 Aue.
990 4266 1025 4322 28
1047 4262 1250 4332 melidicauuenta

103 4361 135 4418 D
159 4359 230 4426 (erat
253 4357 319 4414 uei
336 4356 403 4428 rus.)
