2920 4930
235 392 275 456 12
694 394 715 448 Ι.
735 395 779 448 De
797 394 905 462 gretia

232 567 448 650 inplorandam
472 588 539 632 esse
563 569 721 654 cognoscit
743 574 775 634 ot
797 569 946 635 auxilium
970 569 1087 635 domini
1109 570 1256 656 peruigili
1280 570 1371 636 erob-

233 673 403 738 seoratione
426 673 574 756 deposcit.

779 847 820 912 Π.

262 989 384 1031 conrad
407 989 617 1032 calidoniorum
641 991 777 1050 racadu,
802 991 864 1040 Qua
887 992 972 1034 DlGlT
995 992 1158 1034 Fundanos
1183 994 1340 1035 BAP'PISHO

193 1076 205 1114 5
700 1078 761 1120 NON
784 1079 897 1121 EGERE.

275 1192 426 1258 Adtendit
453 1194 546 1258 etiam
573 1195 632 1258 hoc
655 1193 815 1279 Pelagius:
848 1196 873 1259 si
896 1213 950 1278 per
973 1195 1122 1278 baptismi
1146 1196 1261 1260 donum
1286 1197 1369 1262 tolli-

232 1301 282 1362 tur
305 1298 455 1382 originale
482 1302 657 1382 peceatum,
681 1300 719 1363 de
742 1300 862 1364 duobus
889 1298 1054 1382 baptizatis
1083 1301 1148 1365 nati
1172 1300 1288 1366 debent
1309 1301 1368 1365 hoc

232 1419 336 1466 carere
363 1407 499 1485 peccato.
546 1403 713 1486 quomodo,
741 1405 853 1486 inquit,
880 1404 1011 1469 mittunt
1038 1405 1077 1468 ad
1103 1407 1257 1486 posteros,
1286 1406 1369 1488 quod

230 1507 289 1589 ipsi
311 1506 343 1570 in
367 1526 399 1570 sc
423 1508 552 1572 minime
574 1507 775 1572 habuerunt?
814 1509 926 1590 quibus
950 1509 1039 1573 facile
1062 1509 1266 1592 respondetur
1290 1510 1367 1574 duas

182 1631 205 1670 ro
232 1629 300 1674 esso
328 1611 520 1692 natiuitates,
547 1613 585 1677 de
613 1631 745 1694 quarum
772 1630 835 1677 una
861 1617 1023 1696 peccatum
1052 1633 1087 1678 ex
1110 1615 1289 1698 generantis
1313 1632 1368 1678 uo-

230 1715 350 1797 luptate
365 1717 597 1796 transmittitur,
621 1735 657 1780 er
672 1717 733 1782 alia
756 1717 959 1782 sanctificatio
983 1717 1019 1780 de
1035 1718 1248 1801 regenerantis
1271 1719 1368 1801 adop-

229 1819 312 1884 tione
328 1819 469 1884 donatur.
508 1821 671 1903 quomodo,
695 1821 805 1902 inquit,
829 1821 959 1885 mittunt
978 1821 1017 1885 ad
1036 1824 1186 1903 posteros,
1210 1821 1292 1902 quod
1307 1822 1368 1904 ipsi

230 1923 263 1988 in
283 1943 316 1987 se
338 1925 467 1989 minime
490 1924 687 1990 habuerunt?
718 1944 812 2008 quam
836 1924 1063 1990 inrationabilis
1087 1930 1119 1989 ot
1139 1927 1232 2008 plena
1253 1927 1368 2008 iniqui·

230 2028 304 2092 tatis
327 2027 475 2093 obiectio!
513 2046 575 2094 non
597 2029 657 2110 uis,
680 2033 716 2093 ut
738 2029 961 2094 transfundant
987 2029 1019 2094 in
1042 2033 1182 2112 posteros
1206 2029 1287 2111 quod
1312 2049 1368 2094 na-

181 2154 204 2193 15
232 2136 321 2196 turae
349 2136 405 2212 est,
434 2137 464 2197 et
487 2133 549 2214 uie,
577 2134 678 2197 uteie
706 2133 826 2214 possint
854 2134 941 2198 uelut
969 2134 1006 2197 de
1033 2152 1089 2197 suo
1117 2135 1256 2198 conferre
1285 2135 1369 2217 quod

229 2236 348 2319 gratiae
372 2241 429 2317 est,
454 2237 490 2300 dc
514 2255 575 2319 qua
598 2241 710 2301 natura
733 2238 892 2319 apostolus
909 2238 996 2302 dicit:
1021 2238 1149 2317 eratis,
1174 2237 1283 2319 inquit,
1307 2257 1369 2302 na-

230 2343 314 2404 tura
336 2340 412 2404 lilii
435 2341 521 2405 irae.
554 2343 664 2406 merito
688 2342 777 2423 quasi
793 2341 830 2405 de
853 2342 976 2425 proprio
997 2341 1069 2405 dare
1093 2345 1260 2424 nequeunt,
1284 2345 1368 2424 quod

230 2445 267 2508 de
284 2465 408 2510 sursum
425 2451 456 2511 et
472 2448 661 2512 extrinsecus
677 2452 871 2530 acceperunt.
897 2447 1170 2529 inprudentissime
1185 2467 1240 2531 per
1254 2467 1369 2531 paren·

229 2552 276 2612 tes
300 2549 371 2613 liliis
395 2550 589 2616 innocentiae
611 2551 780 2633 puritatem
803 2550 949 2634 Pelagius
973 2551 1039 2615 dari
1056 2551 1161 2614 eredit.
1193 2551 1232 2614 ad
1254 2571 1368 2634 paren-

229 2657 297 2718 tum
320 2654 529 2719 ministerium
554 2655 700 2719 natiuitas
724 2655 859 2718 secunda
879 2673 941 2719 non
956 2656 1099 2737 pertinet.
1138 2655 1275 2720 ollicium
1299 2657 1370 2720 uult

230 2777 298 2822 esse
321 2759 457 2823 hominis
480 2760 561 2840 quod
577 2759 625 2824 dei
648 2779 762 2824 munus
783 2762 840 2838 est,
864 2762 900 2823 ut
915 2759 1002 2823 uelut
1024 2760 1158 2840 quodam
1181 2759 1368 2826 hereditario

229 2863 335 2926 ordine
369 2883 425 2946 per
458 2863 619 2928 hominum
650 2867 753 2928 currat
782 2864 997 2945 posteritatem
1031 2864 1111 2945 quod
1140 2867 1224 2928 extra
1254 2864 1369 2928 huma-

229 2985 302 3030 nam
325 2971 449 3032 constat
476 2987 544 3032 esse
572 2967 791 3032 substantiam.
839 2968 988 3051 originale
1014 2971 1120 3032 autem
1142 2971 1307 3049 peccatum
1331 2989 1367 3033 er

228 3071 410 3153 parentibus
434 3072 530 3136 ctiam
552 3072 717 3155 baptizatis
740 3091 796 3155 per
811 3072 912 3136 carnis
928 3071 1079 3156 originem
1102 3073 1140 3136 ad
1164 3073 1243 3136 lilios
1264 3077 1369 3138 trans-

190 3176 271 3238 sire
299 3194 361 3239 uon
393 3175 522 3239 dubium
551 3179 598 3240 est
625 3175 799 3240 dicentibus
831 3175 921 3240 uobis
954 3176 1063 3240 cotidie
1096 3195 1166 3240 cum
1199 3178 1366 3260 propheta:

229 3298 312 3343 eece
341 3281 437 3344 enirn
465 3281 500 3344 in
532 3281 796 3362 iniquitatibus
824 3285 1027 3364 conceptus
1060 3300 1138 3344 sum
1170 3286 1205 3345 ot
1240 3282 1275 3345 in
1309 3283 1368 3346 dc-

228 3383 331 3448 lictis
359 3385 504 3467 peperit
531 3403 584 3448 me
612 3388 729 3448 mater
753 3403 845 3464 mea,
874 3385 954 3448 sicut
977 3388 1008 3448 et
1031 3385 1188 3467 apostolus
1212 3386 1297 3448 istud
1320 3387 1368 3450 in-

229 3487 368 3552 sanabile
391 3488 547 3570 piaculum
571 3507 606 3552 or
630 3505 691 3552 uno
715 3489 746 3552 in
770 3506 877 3552 omnes
901 3488 1043 3553 homines
1063 3488 1269 3572 pertransisse
1293 3507 1368 3554 eon-

228 3592 342 3656 firmat.

334 3712 376 3781 16]
397 3711 491 3781 Ephes.
511 3715 534 3776 2,
548 3715 571 3766 3.
625 3711 669 3781 26]
689 3711 787 3766 Psclm.
807 3715 850 3776 50,
863 3715 886 3766 7.

274 3819 285 3871 l
307 3815 518 3870 exobsecrationo
535 3818 641 3886 scripsi,
660 3815 875 3870 &obsecratione
889 3817 922 3884 P,
942 3815 1123 3870 obsecratione
1141 3835 1157 3872 o
1203 3819 1218 3872 l
1238 3816 1368 3871 obiecoio-

229 3920 290 3958 nem
308 3905 335 3958 P
399 3903 555 3958 dadtendit
572 3905 680 3972 composi,
704 3902 841 3956 adtendite
865 3903 898 3972 P,
921 3903 1082 3958 adtendato
1147 3903 1258 3973 donum]
1278 3905 1369 3972 inquit

228 3991 321 4046 addo
367 3990 528 4058 toriginale
547 3990 617 4059 (orig
634 4009 705 4045 maa.
724 3992 771 4044 alt.
790 3992 821 4044 ia
838 3993 945 4058 raa.)P
990 3995 1082 4047 Socra
1101 3993 1141 4045 P¹
1189 3990 1366 4058 liquibus—

229 4075 379 4130 habuarunt
396 4095 446 4130 cao.
460 4077 508 4144 1³¹,
527 4077 590 4132 cdd.
605 4095 675 4131 noca.
690 4079 736 4131 alt.
749 4079 780 4130 ia
791 4079 844 4144 fiae
852 4079 973 4146 popinae
1021 4079 1052 4133 ll
1072 4076 1136 4146 alia]
1155 4080 1245 4130 autom
1262 4079 1328 4132 add.
1344 4099 1367 4144 o,

228 4165 259 4218 ia
277 4165 304 4217 P
325 4165 424 4219 locem
442 4165 560 4219 daemona
578 4165 728 4218 litterarum
745 4170 838 4232 exstat,
857 4165 928 4218 mdc
946 4165 1011 4218 ola'm
1030 4163 1113 4218 altera
1130 4167 1260 4234 scriptione
1279 4167 1367 4233 [aisse

228 4252 347 4306 coemes
401 4253 433 4305 13
452 4251 561 4304 minime
579 4251 657 4318 (mini
675 4253 818 4320 saperem.)
839 4252 866 4304 P
922 4253 952 4307 17
971 4250 1009 4304 ire
1027 4251 1055 4305 P
1112 4255 1143 4308 18
1161 4251 1325 4320 adccpcrunt
1343 4255 1370 4307 P

228 4339 262 4392 22
275 4339 351 4391 curat
363 4339 403 4392 Ρι
445 4336 644 4407 rebaptismate
658 4339 685 4392 P
726 4341 760 4394 26
778 4337 806 4390 in
821 4344 885 4408 post
903 4337 972 4392 enim
992 4355 1041 4394 om.
1057 4339 1084 4392 P
