2924 4924
256 413 319 480 236
677 416 741 470 ΙΙΙΙ.
762 416 871 472 Sermo
890 419 966 473 3-4,

256 589 359 670 timor,
387 590 513 656 deberet
540 592 662 676 exigere
684 612 703 658 a
725 592 815 658 nobis
839 593 954 660 Christi
984 612 1081 660 amor.
1127 595 1154 658 si
1181 613 1254 678 crgo
1282 601 1382 679 potens

254 712 388 777 persona
402 699 511 760 contra
533 715 589 761 nos
614 699 742 778 saeuiat,
765 701 905 763 tacemus
923 703 954 762 et
976 699 1052 763 nihil
1068 699 1169 763 dicere
1184 699 1253 763 ausi
1274 717 1381 776 sumus,

255 799 280 862 si
303 817 377 864 uero
400 804 454 864 aut
476 802 614 882 aequatis
638 805 692 866 eut
713 803 793 867 torte
816 804 942 868 inferior
966 805 1017 868 uel
1044 805 1146 868 leuem
1170 805 1381 868 contumeliam

256 903 373 984 fecerit,
397 905 485 986 quasi
507 905 574 969 fera
595 904 697 971 bestia
719 907 786 971 sine
810 908 873 972 ulla
895 909 1045 990 patientia
1068 927 1104 973 ao
1127 909 1193 972 sine
1217 907 1322 990 eliqua
1343 907 1381 970 dei

215 1034 228 1076 s
255 1009 514 1091 contemplatione
530 1011 747 1094 consurgimus
761 1014 792 1076 et
807 1012 907 1076 autin
922 1013 1077 1095 praesenti
1093 1012 1238 1076 iniuriam
1253 1017 1382 1076 nostram

255 1112 450 1178 uindioamus
479 1117 534 1178 eut
556 1118 639 1178 certe
662 1115 702 1179 ad
728 1116 878 1180 maiorem
907 1117 1009 1180 uicem
1037 1115 1228 1180 reddendam
1250 1121 1382 1181 nostrum

255 1219 394 1282 animum
424 1236 656 1302 praeparamus.
702 1220 776 1302 quid
807 1225 855 1284 cst
884 1221 953 1301 hoc,
984 1221 1076 1303 quod,
1107 1221 1231 1303 quando
1261 1237 1382 1304 persona

255 1325 365 1405 potens
385 1322 474 1388 nobis
497 1323 643 1388 iniuriam
664 1325 804 1405 contulit,
827 1326 982 1407 patienter
998 1326 1178 1409 accipimus,
1201 1326 1323 1408 quando
1343 1326 1382 1388 in-

255 1427 357 1507 terior,
374 1427 468 1492 nimio
484 1428 586 1492 furore
602 1429 840 1494 succendimur?
871 1431 954 1512 quia,
970 1430 1022 1494 ubi
1040 1430 1203 1494 timuimus
1223 1429 1380 1508 hominem,

205 1555 229 1594 ιο
255 1531 306 1595 hic
329 1532 422 1595 deum
446 1533 555 1596 timere
578 1533 734 1598 nolumus.

297 1635 387 1700 Unde
409 1654 484 1721 rogo
506 1655 573 1718 noe,
597 1637 719 1718 fratres,
743 1643 787 1718 ut,
811 1643 962 1720 quantum
985 1639 1150 1722 possimus,
1173 1658 1246 1703 cum
1269 1639 1315 1702 dei
1337 1637 1382 1701 ed-

255 1739 366 1804 iutorio
389 1758 441 1804 oor
463 1743 605 1805 nostrum
626 1742 665 1805 ad
687 1743 872 1824 patientiam
894 1761 1116 1826 praeparemus
1140 1747 1171 1807 et
1192 1743 1224 1807 in
1248 1741 1381 1806 omnibus

255 1847 286 1908 et
308 1844 398 1908 melis
427 1844 606 1909 hominibus
630 1846 821 1910 medicorum
849 1847 933 1911 uices
957 1865 1050 1930 agere
1073 1847 1255 1912 studeamus
1278 1849 1308 1910 et
1328 1862 1381 1908 non

255 1949 338 2031 ipsos
361 1949 514 2028 homines
538 1950 592 2013 sed
616 1950 754 2033 ipsorum
778 1951 931 2015 malitiam
955 1952 1023 2016 odio
1047 1951 1230 2015 habeamus,
1269 1967 1381 2014 oremus

204 2070 310 2136 repro
338 2053 436 2133 bonis,
464 2057 499 2117 ut
527 2072 650 2136 semper
676 2055 715 2118 ad
743 2056 873 2120 meliora
899 2056 1118 2136 conscendant,
1146 2073 1202 2138 pro
1231 2055 1326 2133 malis,
1352 2057 1382 2115 ut

254 2157 315 2220 cito
344 2157 382 2220 ed
410 2157 660 2222 emendationem
688 2159 771 2222 uitae
799 2164 828 2224 et
859 2160 898 2222 ad
929 2159 1138 2242 paenitentiae
1166 2160 1382 2224 medicamenta

254 2261 446 2345 confugiant,
469 2280 564 2343 quam
586 2263 835 2328 remorantibus
859 2263 948 2328 nobis
972 2263 1039 2346 ipse
1061 2267 1221 2347 praestaro
1237 2263 1380 2348 dignetur,

254 2366 396 2446 quicum
418 2369 505 2448 patre
528 2371 560 2430 et
576 2367 685 2450 spiritu
707 2373 814 2432 sancto
836 2368 916 2432 uiuit
938 2373 969 2431 et
990 2372 1101 2452 regnat
1124 2368 1199 2432 dens
1215 2369 1247 2432 in
1269 2366 1383 2431 saccula

256 2469 459 2535 saeculorum.
485 2469 597 2536 Amen.

203 2649 229 2690 ro
786 2628 860 2692 IIII.

571 2771 673 2813 SBRMO
696 2773 738 2812 Da
762 2773 880 2814 SANCTO
904 2772 1075 2814 sumnum.

298 2887 448 2968 Quotiens
479 2889 642 2954 caritatem
673 2893 811 2954 uestram
843 2889 1014 2954 secundum
1045 2893 1245 2974 praeceptum
1275 2885 1382 2952 domini

255 2993 293 3057 ad
324 2992 494 3077 diligendos
525 2993 667 3058 inimicos
698 3013 865 3076 prouocare
897 2994 1061 3074 dehemus,
1091 2995 1198 3074 timeo,
1229 3013 1266 3056 ne
1294 2989 1382 3072 aliqui

255 3099 391 3180 cogitent
413 3101 444 3161 et
459 3098 563 3162 dicant
586 3117 619 3161 sc
643 3099 822 3163 nullatenus
846 3099 903 3162 hoc
925 3117 1016 3181 posse
1032 3099 1171 3180 implere.
1203 3098 1280 3162 forte
1295 3095 1382 3160 ctiam

202 3225 228 3265 rs
255 3205 286 3264 et
308 3201 366 3265 hoc
388 3201 509 3266 obicere
537 3202 647 3266 uolunt
670 3207 701 3266 et
729 3204 834 3266 dicant
861 3202 922 3286 (se)
945 3223 1068 3285 semper
1090 3201 1251 3268 Christum
1276 3199 1383 3264 imitari

255 3323 315 3370 noo
339 3323 439 3388 posse.
475 3325 544 3370 ecce
561 3306 618 3370 tibi
641 3307 758 3388 loquor,
782 3307 920 3388 chamo,
943 3308 1130 3389 quicumque
1147 3307 1232 3387 dicte,
1256 3303 1331 3387 quod
1353 3303 1380 3364 in

296 3470 420 3524 tseuiat
444 3471 472 3524 D
536 3470 735 3525 3contu1niliri
752 3472 780 3524 J)
845 3471 1024 3525 tininoamus
1043 3471 1071 3525 Ι)
1133 3466 1384 3540 ipponeremusD

254 3559 269 3612 9
283 3555 339 3626 ubi]
351 3559 467 3625 furuisse
480 3556 515 3610 ibi
529 3575 589 3612 oum
602 3559 673 3611 Mun
686 3565 717 3610 ct
729 3559 801 3627 Aug.
815 3559 984 3612 sedendum
1048 3561 1080 3613 10
1093 3556 1227 3622 noluimus
1240 3557 1268 3611 D
1318 3555 1348 3610 13
1359 3563 1383 3604 ea

253 3651 314 3698 onte
333 3643 410 3696 malis
428 3661 479 3698 om.
502 3645 578 3700 Mos.
603 3652 628 3699 ct
649 3647 720 3714 Aap.
786 3643 937 3698 studiamus
956 3645 995 3699 D¹
1068 3648 1099 3700 14
1117 3643 1198 3698 hodie
1216 3643 1339 3696 habemus
1358 3641 1384 3693 D

255 3759 287 3812 15
306 3723 476 3810 conscenddtm
477 3758 506 3811 D
559 3759 592 3813 16
605 3755 860 3828 pmendationemD
912 3758 1009 3813 uiteD
1061 3756 1247 3827 penitentieD
1300 3757 1328 3810 17
1347 3768 1384 3806 re-

253 3841 419 3896 morantibus
442 3844 472 3898 D
562 3847 594 3899 ‘tl
619 3841 658 3898 iti
679 3843 731 3896 alia
754 3859 874 3897 sermono
898 3843 930 3897 de
952 3840 996 3899 §⁹00
1021 3843 1148 3914 stephano
1170 3843 1213 3911 D;
1234 3845 1278 3898 tic
1301 3857 1384 3897 serm

251 3931 336 3999 paulo
355 3931 463 3986 breuior
484 3933 573 4000 fuctus
591 3938 615 3986 et
637 3932 795 3986 tormutatus
817 3931 898 3998 (deest
921 3933 1011 3987 mdia
1031 3934 1088 4001 sere
1106 3931 1187 4000 pura)
1209 3935 1293 3986 escwi
1313 3925 1385 3997 opud

253 4018 372 4086 Maium,
393 4035 455 4072 nou.
471 4024 544 4086 patr.
563 4018 624 4072 bibi.
643 4019 729 4072 1448
746 4019 897 4087 Augustini
919 4021 1028 4074 maniae
1049 4035 1063 4072 c
1084 4018 1141 4073 cod.
1165 4017 1251 4072 Votic.
1270 4019 1319 4070 179
1339 4015 1384 4082 foi.

254 4109 332 4158 110o
354 4105 440 4160 edituo
493 4106 526 4158 25
550 4103 669 4174 obiecere
683 4105 712 4158 D
764 4120 791 4157 se
804 4121 907 4173 semper
918 4107 1025 4174 scripsi,
1044 4104 1189 4174 semperD
1241 4099 1386 4156 emitereD

253 4193 286 4246 26
305 4193 387 4246 uerbo
406 4207 464 4244 ecce
483 4189 532 4244 tibi
550 4190 644 4258 loquor
658 4219 688 4228 —
698 4208 763 4260 pop.
776 4195 867 4260 238‚9
882 4208 952 4260 genu
971 4191 1044 4244 flexit
1060 4209 1093 4246 ea
1105 4192 1257 4260 Auprastioi
1273 4203 1387 4244 samone

253 4279 375 4332 XXXX
382 4279 474 4333 VIIII
484 4283 525 4346 10,
539 4284 570 4332 11
585 4279 743 4347 deprompta
754 4285 817 4334 aunt
834 4280 880 4348 (cs.
893 4279 1009 4348 append.
1023 4295 1100 4333 serm.
1117 4277 1223 4343 CCXI)
1270 4275 1385 4344 quicum·

254 4381 303 4434 que
324 4367 403 4434 dap,
422 4365 466 4432 qui
486 4380 545 4418 cunr
565 4365 595 4419 I)
