2920 4928
178 413 179 418 ’
261 397 349 454 XXVI
708 401 949 468 Prolegomcna.

260 577 440 641 collectione
464 577 642 658 quaeritur,
666 577 726 640 nisi
749 577 828 641 forte
852 575 1107 658 comprobantur,
1136 577 1257 658 quael.
1281 577 1301 640 l.
1324 593 1388 638 con·

259 681 327 763 ieci,
348 699 423 746 uoce
444 681 596 765 epistulae
617 699 794 746 sermonem
815 681 970 764 quendem
984 681 1093 745 Fausti
1109 699 1127 745 a
1142 679 1286 746 Caesario
1302 679 1388 764 signi·

258 786 354 850 ficari.

302 891 370 954 Iam
394 891 431 955 de
456 891 597 974 epistulis
621 895 775 973 quantum
797 891 872 955 satis
896 890 1012 955 dictum
1036 907 1104 954 esse
1125 889 1185 953 rati
1205 907 1267 954 uno
1287 889 1388 954 obtutu

258 996 485 1078 componimus,
508 1013 569 1079 qno
593 999 733 1079 tempore
753 995 894 1080 singulae
915 995 1067 1078 epistulae
1088 994 1220 1077 scriptae
1241 995 1311 1075 sint,
1333 992 1388 1072 uel,

258 1119 336 1182 quae
360 1100 398 1164 ad
421 1105 563 1184 tempora
586 1100 762 1164 delinienda
785 1100 902 1182 aliquid
924 1100 1029 1164 ualere
1052 1099 1218 1163 credimus.

301 1205 445 1288 Epistula
467 1205 483 1269 I
506 1205 622 1288 scripta
644 1223 662 1269 a
685 1204 800 1269 Fausto
828 1205 970 1288 episeopo
999 1207 1071 1268 ante
1098 1203 1264 1269 concilium
1286 1203 1388 1268 Arela-

258 1313 348 1374 tense
371 1327 453 1374 anno
476 1309 541 1373 fere
562 1306 717 1388 emmae.

301 1433 348 1496 ep.
365 1415 397 1478 Π
420 1415 534 1496 scripta
557 1413 706 1478 aLucido
728 1411 911 1496 presbytero
934 1417 1005 1496 post
1027 1413 1194 1477 concilium
1209 1411 1388 1478 Arelatense

256 1537 337 1584 anuo
359 1519 424 1584 fere
446 1517 520 1583 473.

300 1643 347 1706 ep.
364 1625 412 1688 ΙΠ
436 1623 551 1708 scripta
574 1642 592 1687 a
614 1622 730 1687 Fausto
754 1623 897 1705 episcopo
921 1639 1002 1686 anno
1025 1621 1089 1686 fere
1112 1619 1185 1684 468.

300 1748 346 1812 ep.
364 1729 430 1792 IIII
453 1729 570 1812 scripta
592 1747 611 1792 a
632 1727 764 1791 Paulino
787 1726 1013 1811 Burdegalensi
1036 1729 1109 1790 ante
1132 1745 1179 1808 ep.
1196 1725 1234 1788 V.

299 1834 392 1916 ep.V
415 1834 533 1916 scripta
556 1851 575 1897 a
597 1833 714 1896 Fausto
737 1831 881 1914 episeopo
903 1835 976 1913 post
990 1849 1117 1895 annum
1139 1827 1213 1894 468.

298 1958 346 2021 ep.
363 1938 409 2002 VI
432 1939 548 2021 scripta
571 1955 590 2001 a
611 1937 727 2000 Fausto
751 1937 922 2000 exsulante.
1341 2005 1342 2008 Ἴ

298 2063 345 2126 ep.
362 2042 424 2106 VH
447 2043 562 2124 scripta
585 2059 604 2106 a
626 2041 741 2105 Fausto
770 2040 882 2105 abbate
910 2044 982 2105 ente
1010 2031 1128 2104 annum
1154 2037 1218 2101 448
1245 2039 1296 2103 uel
1317 2035 1387 2100 451.

297 2167 344 2230 ep.
361 2147 440 2210 VIII
464 2149 494 2210 et
515 2146 545 2210 X
569 2145 702 2229 scriptae
726 2163 745 2209 a
767 2145 883 2209 Fausto
907 2145 1050 2226 episcopo
1073 2147 1146 2208 ante
1170 2143 1319 2208 exsilium.

298 2271 344 2333 ep.
362 2251 457 2316 VIIII
480 2251 595 2333 scripta
622 2269 641 2314 a
663 2251 779 2314 Fausto
807 2250 968 2314 exsulante
996 2249 1035 2314 ad
1057 2249 1216 2314 Ruricium
1245 2249 1386 2313 clericum

253 2356 373 2419 lactum
398 2358 469 2420 ante
492 2373 610 2420 annum
633 2353 708 2418 479.

296 2479 342 2541 ep.
360 2459 406 2522 XI
430 2460 547 2541 scripta
570 2478 589 2523 a
610 2459 727 2523 Fausto
751 2478 786 2523 er
811 2459 917 2522 exsilio
940 2475 1065 2522 reuerso
1087 2461 1159 2540 post
1181 2477 1228 2541 ep.
1244 2457 1314 2522 ΧΠ.

297 2561 1403 2646 ψῊωΜΜΜΜΜΜΜΜΜμ

296 2669 447 2733 Faustum
476 2668 655 2734 homilias
683 2687 806 2751 quoque
833 2668 995 2751 scripsisse
1022 2669 1104 2732 inter
1127 2685 1235 2732 omnes
1259 2669 1386 2743 constat,

252 2792 442 2856 quamquam
469 2773 546 2837 nihil
573 2773 610 2836 de
638 2773 698 2837 hac
724 2792 757 2836 re
780 2771 876 2836 habet
898 2771 1090 2852 Gennadius,
1120 2773 1207 2836 cuius
1231 2771 1386 2836 silentium

251 2897 345 2960 supra
367 2898 396 2960 p.
414 2877 505 2942 XXII
527 2877 599 2942 iude
615 2877 827 2960 repetiuimns,
851 2877 932 2958 quod
949 2877 1084 2940 Faustus
1105 2893 1157 2940 eas
1173 2877 1310 2940 nondum
1325 2875 1386 2938 edi-

251 2983 332 3046 disse
355 2983 487 3062 uidetur,
515 3000 587 3046 eum
611 2981 791 3046 Gennadius
819 2981 996 3064 catalogum
1023 2980 1165 3045 confecit.
1204 2980 1323 3064 egimus
1350 2979 1385 3042 de

249 3087 357 3150 Fausti
381 3086 577 3150 sermonibus
600 3087 632 3150 in
655 3086 765 3150 studiis
789 3085 904 3149 uostris
927 3086 964 3149 de
980 3085 1088 3149 Fausti
1112 3085 1235 3168 seriptis
1257 3105 1287 3167 p.
1303 3082 1384 3146 47-

253 3189 314 3254 102
337 3191 383 3284 ita
408 3195 452 3271 ut,
481 3193 632 3272 quotquot
654 3208 673 3253 ο
695 3189 855 3254 ueteribus
878 3189 1165 3270 recentioribusque
1188 3187 1385 3271 scriptoribus

249 3295 365 3359 Fausto
394 3293 640 3374 ascribebantur,
669 3294 887 3376 colligeremus
911 3295 1128 3374 collectosque,
1156 3313 1233 3357 num
1260 3290 1384 3377 genuini

251 3403 367 3479 essent,
381 3399 638 3463 examinaremus
664 3401 695 3462 et
708 3399 785 3462 duas
798 3398 941 3482 inprimis
953 3398 1153 3462 homiliarum
1166 3399 1385 3462 Faustinarum

249 3504 447 3568 collectiones
476 3506 598 3566 exstare
621 3502 825 3583 ostendimus,
853 3519 950 3566 unam
973 3519 992 3565 e
1013 3503 1130 3568 Ioanne
1154 3501 1305 3586 Gaigneio
1327 3501 1384 3564 Pa-

250 3609 333 3672 risiis
357 3625 438 3672 anno
465 3605 546 3670 1547
572 3626 608 3670 er
631 3607 773 3672 codicum
797 3607 979 3670 auctoritate
1001 3605 1129 3670 Eusebii
1152 3607 1288 3690 episcopi
1302 3605 1384 3670 Emi-

249 3713 316 3776 seni
346 3712 472 3776 nomine
503 3711 641 3795 primum
665 3712 791 3791 editam,
822 3729 901 3792 quae
924 3711 1063 3775 eontinet
1084 3708 1126 3773 56
1150 3728 1319 3790 sermones
1346 3708 1382 3772 ab

248 3817 375 3881 Andrea
391 3815 519 3882 Schotto
542 3817 575 3881 in
591 3815 805 3880 Bibliothecae
828 3818 953 3897 patrum
970 3815 1162 3880 Coloniensis
1179 3819 1265 3880 tomo
1279 3816 1382 3898 quinto

251 3919 289 3982 18
317 3921 514 3985 sermonibus
542 3920 668 4003 partim,
696 3920 809 4003 partim
840 3938 1020 3983 sermonum
1045 3920 1228 4002 fragmentis
1252 3923 1382 3994 auctam,

122 4109 123 4113 Ἰ
248 4027 378 4089 alteram
406 4025 509 4089 codice
533 4024 719 4088 Durlacensi
742 4043 772 4088 n.
791 4022 832 4086 36
860 4027 1028 4104 seruatam,
1060 4042 1139 4105 quae
1166 4021 1210 4086 22
1239 4022 1382 4088 homilias

247 4130 465 4213 complectitur
488 4133 521 4193 et
543 4147 641 4210 usque
664 4128 765 4192 adhue
781 4129 863 4192 edita
879 4147 941 4193 non
958 4132 1015 4208 est,
1038 4146 1229 4210 quamquam
1245 4127 1383 4212 singulae

246 4235 393 4298 homiliae
420 4233 513 4297 uariis
541 4233 725 4315 scriptorum
755 4232 932 4296 nominihus
955 4233 1124 4316 Insignitas
1152 4233 1283 4298 diuersis
1309 4231 1383 4297 locis

248 4337 347 4402 editae
378 4341 510 4402 exstant.
549 4337 611 4400 huc
642 4323 793 4402 accedunt
824 4355 938 4402 nouem
968 4337 1015 4400 illi
1049 4354 1208 4401 sermones
1244 4355 1262 4402 a
1295 4335 1383 4402 nobis
