2920 4930
236 393 281 458 46
701 395 787 450 lame
804 397 913 465 gratia

237 569 340 634 tione
363 571 581 654 rapiuntur?
620 573 816 656 serpentinae
844 573 961 637 fraudis
989 577 1037 638 est
1060 574 1098 638 ad
1121 573 1309 639 tenebrosas
1334 593 1386 639 oa·

237 693 350 738 uernas
374 676 483 740 relicta
505 676 573 739 lune
589 677 796 760 transfugere,
820 696 890 740 eum
906 698 962 760 per
977 678 1082 742 omnia
1096 679 1258 743 uolumina
1274 697 1386 744 saerae

237 779 361 844 litterae
390 781 551 846 euidenter
577 780 710 846 liberum
737 782 905 864 loquantur
932 781 1105 848 arbitrium.
1144 783 1217 866 quid
1246 784 1387 848 rationis

238 888 296 964 est,
319 889 355 949 ut
376 886 568 970 interrogare
591 886 670 950 uelis
693 887 825 967 oeeulta,
849 905 920 951 eum
944 887 1144 952 sollicitudini
1165 890 1237 952 tuae
1261 889 1386 972 plenis-

198 1015 210 1053 s
238 991 317 1054 simu
348 991 455 1056 uideas
488 992 674 1074 respondere
708 991 895 1057 manifesta?
934 992 1009 1074 quid
1039 993 1184 1058 utilitatis
1216 997 1267 1058 est
1298 999 1387 1058 oerta

239 1095 383 1160 omittere
406 1100 438 1161 ei
460 1097 579 1161 ineerta
601 1097 772 1177 consulere,
796 1097 834 1161 de
857 1097 970 1180 quibus
994 1097 1073 1162 nihil
1088 1098 1210 1163 iuuenis
1225 1099 1387 1163 catholica

238 1199 370 1264 lectione
386 1201 619 1284 conscriptum?
657 1220 719 1266 non
742 1203 909 1286 intellegis,
925 1201 1007 1285 quod
1026 1203 1059 1266 in
1075 1202 1216 1266 ueritatis
1231 1201 1387 1267 iniuriam

239 1306 458 1388 persomtaris,
489 1306 637 1388 quidquid
666 1308 785 1371 ueritas
816 1307 894 1371 seire
924 1310 955 1370 te
986 1306 1107 1371 noluit?
1145 1306 1316 1372 materiam
1349 1308 1387 1370 de

238 1408 329 1472 liberi
359 1409 480 1474 arbitrii
509 1410 628 1475 ratione
658 1411 805 1494 proponis
836 1414 868 1475 et
899 1411 938 1474 ad
968 1410 1196 1476 discutiendum
1226 1411 1388 1476 infantiae

188 1532 214 1572 ιο
241 1516 358 1578 statum
380 1515 552 1596 pernicioso
576 1533 677 1579 errore
693 1516 856 1596 delaberis,
879 1515 912 1580 in
927 1533 989 1598 quo
1005 1515 1128 1580 nullum
1142 1515 1269 1599 ponitus
1286 1517 1388 1580 uesti-

239 1617 325 1702 gium
348 1617 438 1682 liberi
462 1617 592 1700 arbitrii,
616 1619 739 1684 nullum
762 1637 910 1703 apparere
933 1623 1037 1702 potest
1051 1619 1192 1703 propriae
1207 1619 1388 1684 uoluntatis

239 1722 398 1786 indicium.

757 1863 863 1930 XIIII.

241 2005 364 2047 CONTRA
387 2005 458 2066 HOC,
487 2005 572 2055 QUOD
596 2007 713 2049 DICUNT
735 2007 804 2066 u08,
833 2008 887 2055 QUI
914 2006 991 2048 Pos'r
1017 2006 1197 2048 BAP'I'ISMUM
1225 2007 1389 2066 ranutius,

188 2053 214 2094 ¹⁶
463 2095 495 2135 Ill
517 2093 697 2136 adpulsum
719 2095 851 2136 ammaus
874 2095 935 2136 NON
958 2093 1153 2136 cuunrmssn.

283 2229 352 2294 Hoe
378 2229 445 2294 loeo
472 2229 723 2312 respondendum
751 2232 808 2311 est,
840 2231 873 2294 in
900 2247 961 2311 quo
989 2231 1112 2294 auctore
1139 2229 1197 2293 hoo
1223 2229 1320 2312 legis,
1350 2231 1390 2293 de

241 2352 301 2416 quo
324 2333 447 2398 duotore
467 2333 526 2398 hoo
542 2352 681 2399 asserere
695 2333 880 2418 praesumis.
913 2337 944 2398 et
959 2351 1031 2397 oum
1046 2334 1078 2397 in
1093 2333 1249 2416 baptismo
1266 2333 1390 2398 aboleri

240 2441 404 2520 peecatum
427 2437 576 2521 originale
599 2455 661 2503 non
684 2438 819 2522 deneges
843 2441 875 2502 et
897 2437 1022 2502 firmum
1044 2456 1113 2502 esso
1127 2437 1288 2520 baptisma
1312 2456 1391 2504 oon-

188 2575 216 2617 ‚0
241 2543 399 2626 probetur,
416 2541 471 2606 ubi
486 2543 621 2607 indiuisa
635 2543 758 2607 trinitas
771 2543 943 2623 inuooatur,
960 2541 1000 2606 da
1015 2559 1135 2622 oausas,
1151 2541 1264 2624 quibus
1279 2541 1393 2624 bapti·

242 2650 329 2712 zatus
352 2646 453 2711 adhue
475 2647 558 2712 intra
580 2646 720 2712 debitum
747 2647 895 2730 originale
923 2647 1081 2712 consistat.
1116 2646 1241 2729 stipsi,
1269 2647 1391 2729 inquiS,

241 2752 273 2816 in
296 2751 399 2816 Adam
421 2755 561 2834 pereunt,
585 2752 658 2834 quia
680 2752 713 2816 in
735 2751 929 2834 baptismum
952 2769 1014 2816 non
1037 2751 1243 2816 crediderunt.
1279 2769 1392 2816 nonne

241 2861 276 2922 tu
298 2857 391 2940 paulo
414 2860 486 2921 anto
509 2855 635 2921 dicebas
658 2855 699 2920 ad
721 2855 913 2939 capessenda
935 2855 984 2920 dei
1008 2856 1089 2920 dona
1116 2854 1255 2920 studium
1281 2855 1392 2920 bomi-

242 2962 291 3026 nis
323 2979 385 3026 nou
411 2961 547 3043 requiri?
585 2979 655 3025 ecoe
686 2964 721 3026 tu
750 2953 816 3043 ipse
847 2960 1100 3024 manifestissime
1129 2959 1283 3043 profiteris
1318 2962 1392 3026 sine

190 3097 215 3138 2⁶
243 3066 422 3148 accipientis
445 3066 606 3130 deuotione
628 3066 751 3130 irritam
774 3083 842 3130 esso
865 3065 1110 3130 munificentiam
1132 3064 1306 3148 largientis.
1343 3071 1391 3144 tn,

243 3171 380 3253 inquam,
408 3170 473 3252 ipse
501 3169 666 3234 confirmas
694 3169 761 3234 sino
789 3169 897 3234 merito
928 3169 1009 3250 fidei,
1039 3169 1071 3234 id
1101 3173 1147 3234 ost
1178 3169 1245 3234 sine
1273 3187 1392 3253 ooope-

243 3275 362 3340 ratione
390 3274 561 3338 uoluntatis
588 3274 744 3338 humanae
766 3274 902 3357 gratiam
924 3274 968 3338 nil
990 3273 1138 3356 prodesse
1161 3277 1205 3353 et,
1228 3275 1392 3356 quomodo

244 3380 334 3460 diois,
365 3382 466 3443 totum
496 3378 572 3444 deus
603 3378 662 3443 sibi
691 3379 730 3442 de
760 3381 844 3442 statu
874 3378 1011 3442 hominis
1041 3378 1214 3443 reseruauit
1244 3380 1276 3441 et
1307 3379 1391 3443 nibil

243 3483 364 3551 bomini
386 3483 479 3548 dedit.

191 3617 219 3658 au
288 3589 368 3653 ane
392 3588 487 3653 etiam
510 3587 682 3652 seeundum
705 3587 893 3652 sententiam
921 3591 1008 3652 tuam
1035 3587 1223 3670 meipsum
1250 3585 1311 3652 sibi
1341 3609 1393 3652 ra-

243 3692 449 3778 generationis
471 3695 575 3776 potest
596 3695 738 3757 constare
761 3692 955 3775 mysterium,
982 3692 1042 3756 nisi
1064 3691 1157 3757 homo
1180 3691 1266 3756 iuxta
1287 3691 1393 3759 beno·

243 3798 384 3864 diationis
418 3797 535 3861 donum
568 3795 746 3862 adhibuerit
761 3813 765 3821 ·
778 3795 970 3861 credulitatis
1001 3795 1159 3860 effoetum.
1205 3797 1255 3860 eui
1285 3815 1392 3882 negas

244 3906 401 3984 sonatum,
429 3901 504 3984 quid
533 3900 573 3966 ab
600 3901 654 3966 illo
681 3900 813 3983 requiris
844 3900 1037 3966 adsensum?
1074 3918 1147 3966 eum
1177 3903 1283 3966 autern
1315 3919 1394 3986 pro-

289 4137 317 4206 2]
336 4134 498 4204 transfugire
511 4133 539 4188 P
589 4132 695 4189 tuellis
708 4134 736 4188 P
786 4133 948 4188 solicitudini
963 4135 990 4188 P
1040 4133 1206 4190 doonsolere
1219 4133 1247 4188 P
1298 4135 1393 4190 adis-

244 4221 404 4278 eueiendum
422 4223 450 4276 P
514 4225 546 4278 10
563 4221 707 4291 pernitioso
726 4221 754 4275 P
816 4220 976 4278 dilaberise
1045 4223 1080 4277 20
1099 4221 1131 4275 de
1151 4223 1178 4276 P
1247 4223 1281 4277 23
1300 4225 1394 4292 sapis·

245 4335 329 4392 eenda
347 4337 375 4390 P
425 4337 458 4392 27
478 4334 579 4392 nihilo
631 4338 665 4392 30
683 4300 767 4404 ipssm
786 4335 814 4390 P
864 4337 895 4390 31
916 4333 1112 4389 benedictiones
1131 4336 1171 4390 P¹
