2920 4930
535 405 719 460 tiberne.
1154 407 1195 470 ‘19

75 582 113 646 dei
134 587 188 664 est,
210 584 292 666 qnod
315 583 480 666 intellegit,
504 583 585 665 quod
608 585 729 648 reolum
753 582 845 666 sapit,
869 581 950 664 quod
973 581 1053 646 inter
1076 583 1195 646 malum

73 693 98 751 et
117 687 229 752 bonum
248 688 361 752 iudieio
377 687 575 752 examinante
592 687 795 750 discriminat.
835 690 866 750 at
881 705 952 750 oum
969 686 1045 750 deas
1061 686 1194 766 bonitas,

74 793 280 874 misericordia,
303 793 456 877 patientia
479 795 572 874 atque
594 791 715 856 iustitia
736 791 786 872 sit,
809 794 925 873 quanto
947 791 1078 873 quisque
1094 792 1194 875 magis

72 897 157 960 iustus
179 917 215 962 ae
237 899 359 980 patiens
382 897 549 977 inuenitur,
573 899 659 961 tanto
680 896 781 979 magis
797 896 854 960 deo
870 895 979 960 similis
996 895 1194 977 adprobatur,

72 1002 146 1066 euim
166 1004 272 1085 utique
296 1002 468 1067 similitudo
491 1019 553 1066 non
576 1001 609 1066 in
632 999 782 1081 uultibus,
806 1000 861 1064 sed
880 1000 912 1064 in
931 1001 1100 1066 uirtutibus
1123 1019 1195 1085 pos·
1234 1030 1246 1068 s

72 1105 183 1170 sidetur.
223 1111 254 1171 et
269 1110 435 1190 propterea
450 1106 486 1170 de
503 1105 559 1170 deo
575 1105 701 1171 dieitur:
725 1105 859 1185 subtilis,
880 1105 1022 1187 simplex,
1046 1106 1193 1170 sincerus.

71 1209 189 1293 simplex
219 1213 341 1292 utique,
371 1211 445 1292 quia
474 1210 552 1274 nihil
582 1211 627 1274 illi
658 1211 847 1274 extrinsecus
878 1209 1087 1290 adieetitium,
1119 1210 1194 1275 nihil

71 1313 181 1379 aliunde
205 1315 374 1395 eonlatum,
399 1315 454 1378 sed
476 1315 509 1379 in
531 1314 584 1378 illo
606 1314 717 1394 uittae,
730 1309 732 1312 ’
746 1314 883 1378 essentie
904 1317 996 1396 atque
1020 1313 1194 1379 substantia

71 1422 119 1482 est.
152 1439 187 1484 ao
218 1421 265 1484 sie
291 1419 367 1484 deus
395 1420 478 1501 quod
500 1419 595 1484 habet
618 1421 676 1498 est,
703 1419 796 1482 homo
819 1435 893 1482 uero
916 1419 994 1482 haee
1017 1419 1107 1500 dona,
1135 1420 1194 1484 nisi

70 1527 218 1608 aeoeperit,
241 1524 432 1589 nonhabet.
471 1543 543 1588 oum
566 1541 639 1607 orgo
663 1523 738 1587 dous
751 1514 854 1587 'iustus
871 1541 906 1586 ae
921 1523 1050 1604 iustitia,
1075 1525 1194 1589 miseri·
1222 1553 1247 1592 ιο

69 1645 128 1692 oors
149 1633 180 1694 et
202 1629 424 1709 misericordia,
447 1629 516 1712 pius
533 1632 565 1692 et
579 1629 679 1711 pietas
695 1628 747 1708 ait,
770 1627 863 1692 homo
879 1627 979 1691 iustus
996 1647 1064 1692 esse
1079 1631 1194 1710 potest,

69 1731 173 1798 institia
204 1753 274 1798 esse
304 1751 366 1798 uon
396 1736 510 1816 potest,
541 1732 717 1797 misericors
741 1750 809 1796 esse
839 1735 952 1816 potest,
984 1732 1195 1796 miserioordia

69 1855 210 1902 essenon
233 1842 348 1920 potest,
371 1839 442 1922 pius
466 1856 533 1902 esse
556 1840 669 1920 potest,
692 1837 792 1920 pietas
816 1855 884 1900 esse
908 1853 970 1900 non
985 1839 1098 1919 potest,
1122 1838 1195 1919 quia

70 1959 122 2005 non
136 1942 318 2008 naturaliter
333 1941 431 2006 habet
445 1942 516 2022 ista,
537 1942 592 2006 sed
609 1941 744 2024 largiter.
784 1939 872 2004 uerbi
886 1941 988 2024 gratia
1010 1941 1062 2004 ille
1083 1959 1193 2006 aurum

69 2049 118 2124 ost,
145 2047 237 2112 homo
269 2064 344 2111 uero
375 2047 560 2111 deauratum
591 2065 647 2110 uas
678 2045 778 2108 uideri
807 2047 921 2128 potest,
952 2048 984 2110 ot
1008 2045 1041 2108 in
1068 2045 1193 2110 bomine
1223 2075 1247 2115 u

67 2151 159 2232 gratia
189 2155 247 2232 est,
279 2150 362 2233 quod
391 2151 424 2214 in
454 2151 511 2215 deo
541 2153 652 2214 natura
682 2153 740 2230 est,
770 2153 802 2214 et
831 2151 863 2214 in
891 2149 950 2214 boo
973 2153 1112 2214 creatum
1137 2155 1193 2231 est,

67 2256 138 2334 quod
160 2257 191 2320 in
214 2257 269 2320 illo
291 2254 440 2338 probatur
462 2255 647 2339 ingenitum.
686 2257 718 2318 et
739 2253 808 2318 ideo
831 2255 917 2318 iuxta
939 2253 1020 2319 hano
1041 2255 1194 2319 rationem

68 2361 157 2442 magis
180 2359 295 2444 duplex
318 2363 417 2424 status
440 2359 575 2424 hominis
599 2361 738 2441 apparet,
762 2359 811 2423 eui
834 2359 911 2422 haee
934 2359 978 2422 ita
1003 2359 1194 2442 inseruntur,

67 2467 97 2526 nt
117 2469 299 2548 separentur
322 2465 445 2547 saepius
470 2469 501 2528 et
523 2464 713 2528 auferantur.

103 2567 213 2634 llnaut
232 2586 316 2653 ergo,
340 2569 393 2650 qui
413 2569 564 2632 iustitiam
579 2568 777 2648 reliquasque
796 2566 929 2631 uirtutes
946 2568 1068 2632 animae
1083 2573 1195 2652 putant
1221 2597 1247 2636 ιο

66 2689 127 2734 esse
138 2673 358 2753 substantiam,
375 2673 442 2736 sine
454 2670 566 2754 quibus
578 2674 748 2754 utcumque
759 2674 863 2754 potest
874 2672 961 2735 uitali
973 2672 1003 2734 in
1016 2677 1129 2736 natura
1139 2693 1196 2738 sna

65 2775 163 2859 uigere
186 2777 367 2858 subsistere,
391 2777 457 2840 sine
480 2775 592 2858 quibus
615 2780 646 2840 et
666 2775 807 2840 diabolus
822 2776 854 2838 in
870 2779 982 2840 natura
997 2795 1054 2840 sua
1069 2796 1195 2841 manere

66 2880 236 2946 dinoscitur.
277 2882 443 2946 manifeste
474 2881 558 2944 enim
588 2881 789 2945 inueniuntur
812 2881 963 2962 adposita,
994 2881 1068 2946 dum
1095 2883 1194 2966 eulpis

65 2985 336 3052 intomeuientibus
368 2989 531 3050 eruuntur.
571 2987 673 3050 solum
700 3003 774 3049 uero
801 2985 963 3050 arbitrium
992 2989 1023 3050 et
1046 2987 1195 3051 inmorta-

64 3088 137 3171 litas,
160 3109 239 3173 qnae
264 3091 359 3155 etiam
383 3090 475 3154 malis
498 3090 593 3154 insita
615 3093 672 3170 est,
700 3107 762 3154 non
786 3089 936 3170 aufertur,
965 3090 1039 3154 lieet
1060 3091 1194 3173 dignitas
1221 3119 1247 3160 aa

65 3201 90 3258 sl
117 3195 277 3260 beatitudo
308 3196 539 3260 inmortalitatis
569 3195 669 3278 possit
698 3194 822 3259 auferri.
865 3199 1018 3276 quantum
1049 3214 1122 3279 ergo
1156 3196 1194 3260 ad

64 3297 234 3366 libertatem
266 3299 387 3364 arbitrii
418 3304 449 3364 et
477 3300 737 3364 inmortalitatem
766 3300 909 3383 pertinet,
943 3300 1113 3384 imaginem
1144 3301 1194 3364 dei

63 3401 129 3467 lieet
148 3423 216 3469 ase
237 3407 269 3468 et
288 3405 320 3468 in
344 3423 377 3468 se
401 3403 609 3468 decoloratam
633 3404 729 3468 etiam
753 3405 828 3468 mali
849 3403 965 3468 habere
988 3409 1129 3488 possunt,
1154 3406 1195 3468 si-

63 3507 266 3573 militudinem
290 3507 445 3574 nisibeni
468 3507 583 3572 habere
606 3527 668 3574 non
691 3513 831 3592 possunt.
872 3526 950 3590 qnae
973 3527 1045 3572 eum
1061 3510 1106 3574 ita
1120 3510 1193 3590 sint,

62 3628 126 3676 oum
156 3613 300 3677 homines
324 3613 368 3676 ita
390 3612 507 3677 luerunt
529 3613 665 3696 imagine
689 3616 721 3677 et
743 3613 945 3677 similitudine
968 3611 1029 3698 <dei
1052 3614 1193 3696 praediti,
1220 3640 1246 3678 ao

63 3719 92 3780 ut
107 3717 197 3781 multi
214 3717 310 3781 etiam
330 3715 399 3802 lilii>
421 3715 469 3780 dei
493 3717 662 3781 meruerint
684 3717 866 3800 nuncupari,
889 3717 941 3780 uel
963 3717 1071 3800 pauois
1094 3717 1194 3782 adbno

98 3889 164 3944 ada
183 3889 217 3958 P,
237 3888 314 3943 daia
377 3887 513 3973 3adquae
532 3889 560 3943 P
614 3888 749 3973 ‚quisquae
767 3889 795 3944 P
857 3889 998 3958 butiquae
1017 3891 1044 3944 P
1107 3889 1194 3946 auti-

61 4011 160 4076 quaoP
211 4009 389 4078 8adquaeP
441 4013 473 4066 16
492 3995 588 4066 natura
605 3994 633 4064 in
652 4010 742 4066 dooP
794 4014 826 4066 19
845 4011 933 4080 sepius
950 4012 978 4065 P
1028 4014 1062 4066 20
1080 4012 1196 4065 erantP

61 4096 236 4167 reliqnsaquao
255 4097 282 4152 P
332 4099 364 4154 21
385 4099 545 4168 utcumquao
563 4099 591 4152 P
641 4099 675 4154 22
694 4095 817 4152 diabulus
835 4099 862 4152 P
911 4101 946 4154 24
964 4097 1194 4154 inuenientibneo

59 4185 177 4254 adase]
196 4201 253 4238 ease
271 4203 288 4238 o
339 4185 374 4240 30
392 4201 474 4240 euro
525 4185 563 4238 ita
581 4183 682 4238 tuerint
700 4203 780 4240 omn
832 4184 996 4240 dai...filii
1015 4186 1114 4240 addidi
1130 4187 1193 4240 Mo-

59 4275 137 4326 :eutia'
149 4275 208 4328 loce
218 4271 336 4342 paredum
345 4289 420 4340 aare,
430 4273 464 4340 cs.
475 4289 543 4342 mane
552 4273 664 4341 exposui
674 4274 705 4326 ia
714 4273 784 4328 libro
794 4271 919 4328 ‘Studien
928 4275 993 4328 atter
1003 4273 1046 4326 da'e
1056 4274 1194 4342 Schriften

59 4359 101 4414 dea
116 4357 248 4416 Fmtm'
263 4361 349 4428 219,
368 4357 410 4411 dei
429 4357 545 4412 decorati
565 4358 653 4427 angeli
672 4375 717 4412 seu
736 4357 785 4412 filii
803 4379 827 4428 o,
846 4377 895 4415 om.
916 4361 944 4414 P
