2920 4930
503 409 647 464 Libor‘n
664 413 758 468 9-10.
1156 411 1198 478 83

74 583 166 648 nundi
187 583 370 668 improbitas
394 586 530 650 iustitiae
553 586 689 669 neglexit
714 573 911 670 exemplum(
947 605 982 651 ao
1005 587 1050 652 sio
1073 587 1199 653 inoboe-

73 687 168 752 dientis
191 693 319 754 accusat
346 693 467 755 reatum
499 693 539 771 et,
571 691 625 773 qui
655 691 776 774 placuit
797 710 852 774 per
875 690 1071 773 obsequium,
1095 694 1198 776 arguit

72 789 137 856 ulios
161 793 284 876 plaeere
307 793 510 859 nihilominus
533 795 673 877 potuisse
696 814 751 878 per
775 791 923 859 studium.
970 799 1054 860 oerte
1076 797 1198 862 nullum

72 893 165 960 inille
185 901 290 962 aetate
314 898 418 962 fatalis
441 899 621 964 constitutio
645 900 748 964 looum
771 898 890 964 habuit.
936 917 1010 964 nam
1034 901 1107 982 quia
1128 901 1197 964 uni-

71 1001 185 1065 uersalis
214 1002 320 1066 fuerat
348 1002 523 1085 praemissu
553 1003 772 1088 transgressio,
801 1004 989 1068 uniuersalis
1019 1008 1068 1068 est
1090 1008 1197 1069 secuto
1235 1033 1248 1070 s

71 1101 223 1170 damnatio.
269 1107 424 1188 quomodo
448 1106 535 1188 diuis,
567 1107 649 1190 quod
677 1107 860 1172 adsumatur
889 1126 970 1172 unns
994 1112 1026 1172 ot
1048 1109 1126 1174 ebus
1149 1129 1198 1172 re-

70 1205 233 1290 linquatur?
279 1210 361 1290 uide,
390 1229 484 1293 quem
507 1211 546 1275 ad
569 1211 697 1276 modum
722 1215 850 1294 excepta
872 1212 948 1276 insti
969 1212 1090 1278 familia
1113 1216 1197 1278 totus

70 1311 140 1376 orbis
159 1317 290 1399 cogente
312 1315 474 1398 iniquitate
498 1316 628 1380 deletur.
663 1316 740 1380 illud
764 1334 847 1400 ergo,
871 1317 954 1399 quod
977 1318 1101 1398 asseris,
1125 1337 1197 1400 spe-

69 1415 135 1481 oiale
164 1419 324 1484 deoretum
354 1419 528 1484 excluditur
557 1439 613 1504 per
643 1421 790 1504 generale
820 1421 968 1486 iudicium
1000 1425 1040 1502 et,
1067 1423 1119 1505 qui
1141 1439 1197 1505 pro

69 1517 254 1602 improbitate
278 1523 455 1606 damnetur,
480 1525 598 1590 bonum
620 1525 723 1590 faeere
745 1513 885 1608 potuisse
908 1527 1111 1591 conuincitur.
1223 1551 1249 1593 ro

605 1699 643 1764 X.

67 1837 102 1877 uu
122 1840 171 1899 EO,
194 1841 281 1889 QUOD
305 1841 453 1884 NATURAE
474 1842 581 1884 LEGEM
602 1843 634 1884 tu
653 1843 750 1884 effluo
771 1843 891 1885 HOMINE
911 1842 1071 1886 assultum*
1086 1843 1196 1885 munn-

68 1923 125 1966 issu
145 1928 203 1970 NEC
218 1929 279 1970 PER
295 1928 451 1971 Posunsos
467 1929 611 1972 Uluulssn
628 1929 729 1978 USQUE
743 1929 787 1970 AD
803 1930 995 1973 SALUA'PORIS
1010 1931 1194 1974 ADUEN'I'UM.

103 2043 158 2108 Sed
188 2046 264 2110 dieis
295 2047 451 2112 naturalia
482 2045 565 2112 bonu
599 2049 872 2112 commemoranda
906 2065 968 2112 non
1003 2066 1086 2128 esse,
1120 2047 1193 2129 quin

66 2149 129 2212 unte
158 2151 328 2216 aduentum
352 2150 469 2216 Christi
499 2169 697 2234 nequaquam
727 2156 837 2236 gentes
868 2152 906 2216 ad
938 2152 1072 2216 salutem
1098 2153 1194 2234 perti-
1222 2177 1246 2216 ra

67 2252 161 2318 unisse
191 2255 396 2320 manifestum
421 2259 477 2320 est.
523 2257 577 2338 qni
600 2259 745 2320 naturam
768 2256 799 2320 in
822 2255 913 2321 bouis
937 2256 1001 2320 suis
1025 2259 1120 2340 negat
1142 2256 1196 2320 do·

66 2351 128 2420 bere
152 2359 333 2442 praedicari,
364 2360 464 2424 nescit
485 2361 624 2442 proleoto
650 2361 754 2444 ipsum
781 2364 910 2424 natmae
934 2363 1092 2426 auctorem
1116 2379 1194 2440 esse,

65 2462 109 2538 qui
130 2465 246 2546 gruum
271 2467 328 2529 ost.
362 2465 420 2528 hou
444 2465 496 2546 qui
517 2465 795 2548 inprudentissime
818 2469 922 2549 neget,
946 2468 1041 2549 negot
1064 2468 1210 2530 naturae·

65 2560 170 2632 bonnm
193 2572 281 2634 entra
303 2569 352 2633 dei
374 2568 533 2652 opificium
557 2573 588 2634 et
610 2573 665 2633 ant
687 2588 804 2634 numen
828 2570 910 2652 quod
934 2589 1003 2634 esse
1026 2569 1194 2634 arbitretur

64 2673 111 2732 aut
130 2671 240 2738 lutum.
287 2691 358 2737 oum
386 2691 461 2738 uero
492 2673 559 2757 ipso
590 2675 632 2738 sit
661 2674 811 2754 conditor,
840 2675 893 2756 qni
916 2679 1086 2758 reparator,
1114 2693 1194 2738 nnus
1221 2701 1247 2740 ro

64 2771 195 2858 idemque
223 2778 256 2841 in
288 2777 450 2860 utriusque
474 2779 575 2862 operis
598 2779 687 2842 laude
710 2778 913 2860 benedicitur,
944 2797 1026 2842 unus
1049 2778 1194 2860 idemque

65 2875 91 2939 in
113 2881 271 2964 utriusque
295 2882 396 2964 operis
419 2881 584 2964 praeconio
607 2881 792 2946 celebratur.
828 2883 894 2946 iure
910 2883 1015 2964 itaquo
1031 2881 1194 2964 utriusque

65 2982 101 3044 rei
122 3002 234 3050 munus
264 3003 379 3066 assero,
410 2987 484 3068 quia
513 3005 563 3050 me
589 2987 635 3050 illi
658 2986 721 3051 solo
745 2986 867 3066 debere,
892 2986 973 3068 quod
996 2990 1089 3050 natus
1112 3005 1193 3066 sum,

64 3085 105 3148 oui
134 3087 240 3171 debeo,
272 3090 354 3172 quod
376 3094 505 3156 renatus
529 3109 609 3155 sum.
656 3095 689 3155 et
710 3095 874 3174 propterea
897 3109 958 3155 non
981 3091 1049 3154 ideo
1073 3089 1194 3174 negabo

63 3191 218 3258 conditoris
242 3193 333 3276 dona,
361 3195 433 3276 quie
454 3195 583 3278 perdidi,
615 3195 670 3258 sed
692 3197 794 3278 priora
815 3195 882 3258 ideo
905 3195 1108 3276 sequentibus
1132 3212 1193 3259 non
1221 3223 1247 3262 rs

64 3297 241 3379 exaequabo,
272 3299 346 3381 quia
368 3299 584 3383 multipliciter
605 3299 638 3363 in
661 3299 774 3364 melius
798 3303 941 3382 reparata
965 3299 1095 3382 suscepi.
1143 3318 1194 3362 er·

63 3399 160 3466 tollam
191 3402 341 3468 beneficia
371 3405 518 3485 oreautis,
553 3403 607 3468 sed
638 3404 669 3467 in
700 3404 880 3468 inmensum
909 3403 1084 3488 praeferam
1115 3404 1194 3468 redi-

63 3507 177 3572 mentis.

98 3609 141 3672 Ne
170 3612 201 3676 iu
234 3612 293 3677 hou
320 3611 445 3695 quidem
473 3612 602 3676 uidebor
625 3613 779 3692 incautus,
803 3613 829 3676 si
851 3611 1009 3695 profiteor,
1033 3613 1114 3694 quod
1137 3613 1193 3676 eli-

61 3715 197 3792 quotiens
220 3717 252 3780 iu
277 3715 530 3800 dispositionibus
553 3718 668 3781 uostris
692 3735 752 3781 nou
778 3717 904 3799 quidem
920 3717 952 3780 in
969 3717 1052 3781 uitae
1068 3671 1245 3782 nostratiis

99 3985 307 4056 lneglexorito
359 3984 523 4040 oboedientis
541 3985 569 4040 P
619 3985 701 4053 2qui
718 4001 804 4042 omo
861 3983 1030 4054 obsequium]
1049 3985 1192 4040 ebacide

62 4067 321 4138 iquememmodnm
341 4073 368 4127 P
437 4075 581 4141 Seogente
599 4074 626 4126 te
644 4073 671 4126 P
735 4071 868 4126 oduuino
887 4073 915 4126 P
976 4073 1007 4128 13
1030 4071 1143 4124 uiouisse
1165 4073 1193 4124 P

64 4185 89 4234 lo
104 4185 249 4252 prnediauri
268 4184 397 4242 doberan
451 4187 482 4241 19
501 4151 598 4240 namen
616 4186 643 4239 P
693 4187 725 4240 21
746 4183 885 4253 idemquoe
903 4192 927 4240 et
945 4186 1098 4253 utriusquae
1115 4191 1189 4240 udro-

60 4273 210 4336 wlouoP
258 4273 339 4328 luude
354 4275 425 4329 -22
443 4273 529 4342 operis
547 4289 628 4328 outo
680 4273 713 4327 22
726 4272 830 4340 itaquae
844 4273 998 4340 utriusquae
1011 4273 1039 4326 P
1089 4273 1123 4326 23
1136 4271 1189 4324 scio

60 4353 124 4412 dliv
174 4363 210 4416 29
228 4377 259 4416 uo
278 4360 318 4430 in]
337 4376 385 4414 nau
401 4379 419 4416 o
470 4359 609 4428 aliquoties
627 4359 655 4414 P

999 4447 1031 4498 6¹!
