2920 4928
251 421 313 475 xvl
696 422 938 490 Prolegomena.

250 598 321 662 libri
349 599 421 663 noni
450 617 530 663 nona
557 598 596 662 ad
623 598 775 662 Faustum
803 599 875 662 data
901 600 1056 683 leguntur.
1101 600 1271 664 Riochatus
1303 601 1389 664 enim

251 703 382 767 antistes
416 703 576 766 uolumina
610 703 761 784 quaedam
796 703 903 767 Fausti
936 704 975 767 ad
1010 704 1176 768 Britannos
1209 705 1389 787 perlaturus

250 807 400 871 Aruernis
423 811 562 872 moratus
591 827 669 887 esse,
698 805 794 870 donec
820 807 963 892 petatium
985 807 1220 872 concitatarum
1238 807 1390 893 procella

250 908 450 994 defremeret,
478 911 659 994 perbihetur
682 910 724 994 (p.
745 909 816 992 151,
836 911 949 995 aba).
996 912 1157 977 uolumina
1183 913 1239 977 illa
1264 913 1390 978 intelle·

249 1017 352 1100 gimus
379 1014 474 1080 libros
502 1016 539 1079 de
567 1016 668 1099 gratia
690 1034 763 1079 cum
786 1015 918 1081 Beronic
942 1017 1084 1098 aliisque,
1112 1019 1150 1081 cf.
1175 1036 1253 1099 quae
1281 1017 1391 1101 dispu-

249 1122 385 1184 tauimus
401 1120 433 1184 in
449 1120 653 1202 Ilphemexide
669 1121 904 1204 gymnasiorum
916 1120 1152 1186 Austriacorum
1171 1119 1253 1184 1890
1267 1141 1297 1204 p.
1313 1120 1389 1185 292.

249 1226 383 1306 epistula
410 1229 514 1289 autem
543 1227 610 1308 ipsa
638 1225 754 1308 scripta
781 1245 848 1289 esse
876 1226 1000 1290 uidetur
1026 1227 1119 1310 paulo
1147 1230 1219 1290 ante
1243 1227 1391 1291 exsilium

250 1329 365 1394 Sidonii
381 1328 422 1411 (a.
440 1327 514 1410 415,
531 1330 570 1393 cs.
587 1329 777 1394 Mommseni
793 1330 944 1412 praefatio
959 1349 989 1412 p.
1007 1331 1229 1414 XXXXVIII),
1249 1331 1390 1414 primum

249 1434 330 1516 quod
357 1433 501 1498 Sidonius
529 1435 624 1498 etiam
654 1438 720 1498 turn
748 1435 899 1499 Aruernis
930 1439 1006 1515 erat,
1038 1436 1148 1500 deinde
1180 1435 1260 1518 quod
1290 1437 1391 1501 uerba

251 1539 287 1602 de
311 1539 451 1622 gentium
476 1539 701 1602 concitatarum
724 1539 860 1622 procella
882 1539 1042 1604 insinuant
1064 1541 1113 1624 agi
1134 1541 1172 1605 de
1195 1541 1391 1622 temporibus

250 1643 332 1707 haud
355 1643 399 1707 ita
421 1643 557 1706 multum
580 1642 619 1707 ab
641 1643 803 1707 Aruernae
826 1643 912 1707 urbis
937 1645 1164 1728 expugnatione
1187 1644 1390 1710 distandbus.

353 1747 504 1812 Doctrina
519 1747 627 1812 Fausti
647 1749 684 1812 de
705 1749 806 1832 gratia
827 1752 858 1812 et
876 1747 973 1814 libero
990 1748 1117 1814 arbitrio
1138 1767 1156 1813 a
1175 1749 1391 1831 compluribus

249 1853 433 1936 impugnata
456 1856 514 1933 est,
543 1871 734 1934 quamquam
757 1871 819 1917 non
846 1853 1020 1934 defuerunt,
1048 1853 1101 1935 qui
1130 1853 1308 1918 defensores
1338 1856 1392 1919 uel

250 1957 354 2040 potius
375 1960 572 2021 excusatores
593 1958 657 2020 eius
679 1957 874 2037 exsisterent,
896 1959 976 2021 inter
996 1975 1073 2040 quos
1092 1959 1263 2041 principem
1282 1958 1392 2023 locum

251 2061 371 2126 obticet
394 2061 585 2145 Stiltingim,
617 2081 709 2142 quem
741 2061 1026 2126 elucubrationibus
1051 2063 1121 2126 'suis
1152 2063 1228 2127 mihi
1257 2081 1392 2146 persua-

249 2167 327 2230 sisse
355 2167 476 2230 fateor..
503 2169 597 2248 atque
624 2167 727 2230 locum
755 2167 844 2230 illum
872 2167 904 2230 in
931 2167 1054 2231 decreto
1084 2166 1200 2232 Gelasii
1231 2166 1255 2230 1.
1286 2185 1392 2250 papae

248 2289 275 2334 a.
304 2269 383 2333 496:
418 2267 576 2354 opuscula
611 2268 729 2331 hitacii
763 2269 930 2356 Regiensis
967 2268 1158 2334 Galliarum
1195 2273 1394 2356 apocrypha

248 2374 380 2459 (Migne
407 2374 845 2458 Patrcl.lat.LVllll164)
873 2376 1094 2457 interpolatum
1122 2395 1191 2440 esse
1220 2379 1251 2439 et
1277 2381 1394 2459 postea

249 2479 376 2543 demum
405 2479 543 2542 additum
572 2479 644 2543 inde
672 2480 835 2560 euincitur,
863 2481 954 2561 quod,
982 2480 1035 2562 qui
1065 2481 1172 2562 paucis
1199 2479 1289 2544 annis
1317 2489 1394 2564 post

249 2583 356 2647 Fausti
388 2583 560 2647 doctrinam
593 2584 858 2668 impugnauerunt
892 2585 1029 2667 episcopi
1059 2587 1090 2648 et
1119 2602 1228 2668 papae,
1262 2584 1395 2650 silentio

248 2689 503 2770 praetermittunt
526 2688 693 2751 anathema
715 2689 802 2768 illud,
826 2689 852 2752 si
876 2689 922 2752 dis
945 2690 1057 2772 placet,
1080 2688 1265 2772 pontificale.

292 2791 368 2856 Orta
396 2794 479 2856 enim
509 2792 589 2855 inter
621 2773 789 2856 monachos
820 2793 978 2876 Scythicos
1009 2811 1090 2858 anno
1120 2793 1185 2857 lere
1214 2789 1280 2856 520
1308 2793 1395 2860 Gon-

247 2897 450 2978 stantinopoli
470 2897 663 2960 dissensione
684 2898 721 2960 de
738 2897 845 2961 Fausti
865 2898 902 2961 de
923 2897 1024 2981 gratia
1043 2899 1205 2962 sententiis
1221 2897 1396 2964 Possessor

249 3001 411 3084 episcopus
434 3001 602 3064 Africanus
627 3000 896 3084 Constantinopoli
924 3002 1040 3085 degens
1068 3001 1191 3066 abillis
1215 3003 1395 3086 consultus,

248 3124 319 3169 cum
343 3105 408 3169 eius
431 3123 617 3187 responsum
634 3105 742 3170 Fausti
765 3105 938 3170 doctrinam
962 3125 1062 3189 neque
1085 3107 1262 3171 damnantis
1286 3126 1396 3190 neque

248 3209 479 3292 comprobantis
511 3227 572 3274 non
604 3211 820 3290 satisfecisset,
850 3211 971 3274 litteras
1002 3211 1088 3275 dedit
1117 3211 1155 3274 ad
1182 3211 1395 3278 Hormisdam

247 3331 362 3398 papam
379 3317 410 3377 et
426 3314 499 3396 quid
515 3315 580 3396 ipse
598 3315 739 3394 sentiret,
763 3317 798 3378 ut
814 3314 957 3397 aperiret,
981 3315 1104 3398 rogauit
1118 3313 1256 3395 (exstant
1270 3317 1397 3382 utrius·

249 3438 309 3502 que
331 3419 454 3482 litterae
478 3419 559 3501 apud
583 3418 701 3502 origne,
725 3419 841 3482 Patrol.
859 3420 913 3482 lat.
930 3418 1035 3482 LXIII
1057 3415 1121 3480 489
1138 3418 1230 3501 sqq.).
1269 3420 1328 3484 sed
1354 3441 1396 3486 ne

248 3541 329 3606 papa
355 3523 481 3605 quidem
509 3522 660 3586 Faustum
688 3523 860 3603 damnauit,
891 3541 985 3605 quare
1013 3523 1045 3586 in
1071 3541 1201 3607 grauem
1228 3523 1398 3606 uitupera-

248 3628 364 3691 tionem
393 3626 523 3690 incurrit
549 3626 674 3690 Ioannis
703 3627 863 3708 Maxentii,
895 3626 981 3690 ducis
1009 3627 1233 3691 monachorum
1261 3626 1397 3696 illorum

247 3730 473 3814 Scythicorum,
497 3731 549 3812 qui
572 3731 772 3812 responsione
796 3732 833 3796 ad
858 3731 1025 3814 epistulam
1045 3730 1231 3795 Hormisdac
1254 3729 1399 3817 (Migne‚

247 3836 330 3900 Patr.
346 3853 458 3918 graeca
481 3833 652 3915 LXXXVI,
671 3835 686 3896 l
711 3854 741 3917 p.
759 3833 815 3920 92)
838 3835 870 3898 11
892 3853 1007 3919 papam
1016 3835 1040 3919 1)
1063 3835 1231 3916 inuehitm‚
1255 3838 1344 3916 quod
1369 3841 1397 3904 is

248 3941 357 4005 Fausti
387 3939 494 4020 libros,
525 3939 668 4020 quamuis
699 3958 760 4003 1ο1
792 3940 824 4003 11
856 3941 1040 4004 auctoritate
1070 3939 1245 4019 habendos,
1279 3943 1397 4009 tamen

245 4045 394 4129 legendos
422 4043 620 4106 decreuisset.
659 4043 753 4106 simul
782 4043 937 4107 dotrinam
961 4043 1070 4108 Fausti
1097 4043 1289 4108 haeretIcam
1319 4066 1397 4114 csse

247 4200 454 4210 ———-—--

290 4286 310 4355 ¹)
333 4283 482 4354 Epistulam
506 4299 558 4336 non
581 4299 635 4336 1111
654 4284 811 4338 Hormisdac
835 4301 917 4354 papae
939 4301 986 4354 per
1010 4284 1204 4353 impudentiam
1227 4284 1306 4339 fiuxit
1333 4288 1397 4344 Ma-

247 4373 358 4436 xentius,
378 4387 429 4440 quc
448 4370 557 4424 liberius
575 4386 658 4438 papae
677 4371 758 4424 rrerba
777 4372 933 4441 impugnare
952 4375 1048 4440 posset.
