2886 4928
492 417 588 472 Liber
606 417 633 472 II
653 419 762 473 11-12.
1137 415 1196 480 157

76 593 154 658 deum
185 597 288 676 portat
311 593 343 658 in
366 609 503 676 corpore,
534 611 606 656 cum
630 611 757 657 necesse
777 595 825 656 est
844 590 1045 674 corporaliter
1064 595 1197 672 portare,

75 716 162 780 equo
185 700 367 783 spiritaliter
388 697 593 782 possidemur.
640 701 830 782 quopropter
860 716 954 780 quom
984 697 1101 780 templo
1128 716 1198 780 per-

75 803 154 885 spicis
178 804 318 888 dIgnnm‚
342 803 456 867 diuinis
479 801 648 867 honoribus
672 803 796 866 noueris
813 802 1016 882 odorandum,
1039 800 1198 865 celebren-

75 906 136 972 duni
158 910 249 990 uotis,
272 906 432 972 sacrificiis
456 907 667 972 excolendum.
708 906 747 971 ed
770 907 981 972 uniuersalem
1005 922 1078 990 ergo
1101 905 1198 988 loqui-

75 1014 116 1075 tur
140 1012 287 1096 magister
314 1011 457 1096 gentium
485 1011 662 1076 ecclesium:
691 1011 866 1092 nescitis,
898 1011 985 1092 quie
1015 1011 1198 1093 templum
1238 1037 1250 1075 e

75 1114 233 1180 delestis
257 1119 291 1180 et
315 1117 472 1198 spiritus
495 1119 647 1202 sanctus
668 1113 815 1179 habitet
834 1115 871 1179 iu
891 1113 1007 1178 uobis
1047 1114 1125 1178 nulli
1140 1113 1198 1178 hoc

75 1224 219 1285 creaturae
242 1219 389 1306 possibile
413 1223 470 1300 cst,
502 1220 556 1284 sed
579 1219 703 1284 dielnue
726 1219 899 1284 maiestatis
926 1218 1047 1302 insigne
1076 1223 1133 1298 est,
1164 1221 1199 1282 ut

75 1323 244 1408 singillatim
274 1344 329 1408 per
359 1342 614 1406 unumquemque
645 1324 775 1407 populos
806 1323 936 1406 impleut
965 1327 997 1387 et
1026 1327 1132 1387 temen
1166 1323 1197 1386 in

75 1427 262 1508 plenitudinis
284 1447 359 1494 suec
375 1428 575 1494 inmensitate
597 1432 790 1510 permaneat.
815 1425 948 1508 diuinae,
971 1428 1111 1510 inquam,
1135 1427 1199 1490 sin-

76 1534 170 1614 gulare
192 1534 411 1618 propriumque
435 1537 564 1597 naturae
588 1535 636 1596 est
657 1533 733 1597 locis
755 1528 900 1596 omnibus
923 1537 1047 1615 praesto
1063 1550 1141 1611 esse,
1165 1531 1197 1594 in
1227 1558 1250 1596 ιο

76 1638 168 1702 omnio
196 1639 327 1718 Intrare,
357 1638 462 1702 omnio
490 1637 658 1702 continere.
698 1637 762 1717 dei,
793 1637 936 1719 iuquam,
967 1637 1121 1720 peculiare
1152 1639 1199 1698 est

77 1738 145 1805 filios
174 1743 356 1826 perditionis
387 1745 516 1807 naturae
544 1741 656 1805 debitis
680 1760 801 1822 eruere,
830 1741 971 1824 purgetis
1002 1741 1198 1804 conscientiis

77 1843 220 1928 inponere,
243 1846 292 1911 dei
315 1845 395 1911 filios
419 1847 521 1910 secere
545 1849 577 1910 et
592 1845 624 1910 in
640 1846 784 1910 caelestis
800 1845 887 1929 regni
903 1845 1002 1927 glorie
1017 1844 1196 1908 sublimare.

113 2079 293 2134 dhomInibus
312 2080 339 2134 P
407 2077 565 2148 'lpossibile
584 2081 752 2133 creatureec
821 2078 977 2147 9Inquito
1043 2081 1071 2134 ll
1092 2083 1119 2131 et
1136 2084 1198 2133 onte

76 2189 383 2247 commendandae
436 2192 556 2260 lupulto
610 2195 641 2248 13
659 2159 812 2246 ceclestIP
857 2191 1012 2260 sublimare]
1033 2189 1197 2244 EXPLICIT

80 2272 171 2331 LIBER
189 2279 374 2334 SECVNDVS
391 2279 455 2333 odd.
475 2279 502 2334 R
