2924 4924
516 443 580 498 1111.
601 444 709 498 Sermo
727 447 803 501 8-9.
1170 445 1234 510 255

106 618 202 682 itinera
228 617 360 684 fideliter
388 637 423 684 oc
450 620 583 684 feliciter
611 620 768 702 possimus
795 619 918 684 imitari.
970 619 1060 702 quasi
1087 637 1150 684 non
1177 618 1235 683 tibi

106 722 215 787 uidetur
242 724 305 788 iam
333 744 388 808 per
415 725 509 790 aliam
538 725 623 790 uiam
651 725 691 789 ad
720 725 856 807 patriam
883 743 1038 804 remeare,
1068 725 1122 806 qui
1149 724 1234 808 prius

105 827 214 892 solebat
242 847 293 892 rea
320 830 436 894 alienas
469 830 579 894 tollere
610 833 641 893 et
671 847 754 894 nunc
780 829 867 912 cupit
895 847 967 897 suas
998 829 1235 893 misericorditer

105 935 241 1016 erogare?
287 952 349 999 non
376 934 433 999 tibi
455 934 579 998 uidetur
606 953 661 1018 per
685 934 780 1000 alium
807 935 892 998 uiam
919 933 1071 1014 incedere,
1101 933 1153 1015 qui
1175 933 1235 998 luit

104 1038 270 1103 adulteret
296 1042 483 1120 estcastus,
512 1039 565 1121 qui
592 1039 695 1104 lucrat
722 1037 862 1104 ebriosus
886 1043 917 1102 et
945 1041 995 1103 est
1021 1035 1153 1118 sobrius,
1181 1037 1234 1120 qui
1273 1069 1286 1108 s

104 1142 214 1207 solebat
229 1143 414 1208 maledicere
430 1147 462 1208 et
484 1143 649 1224 benedicit,
673 1144 726 1225 qui
748 1143 851 1208 fuerat
873 1143 998 1208 inuidos
1022 1147 1054 1206 et
1077 1145 1125 1207 cst
1146 1141 1235 1207 beni-

102 1251 197 1332 gnus?
241 1249 268 1312 si
291 1249 375 1314 enim
399 1249 589 1313 orationibus
613 1247 707 1312 simul
732 1251 764 1312 et
786 1247 875 1312 bonis
899 1246 1044 1330 operibus
1068 1247 1125 1311 deo
1148 1247 1234 1312 auni-

102 1353 189 1416 liuntc
211 1353 431 1417 contendimus
459 1353 517 1417 hoc
545 1353 652 1418 ordine
680 1353 954 1416 conuersationum
980 1355 1159 1416 nostrarum
1185 1351 1236 1416 iti·

101 1475 170 1521 nera
183 1457 214 1522 in
229 1457 343 1522 melius
359 1460 561 1538 commutare,
586 1457 624 1522 ad
641 1459 802 1520 aeternam
818 1455 1046 1520 beatitudinem
1061 1455 1235 1538 poterimus

100 1562 256 1645 peruenire
283 1565 464 1644 praestante
488 1562 612 1627 domino
641 1565 747 1626 nostro
771 1561 843 1625 lesu
867 1559 999 1640 Christo,
1023 1561 1076 1642 qui
1099 1561 1181 1625 uiuit
1204 1565 1235 1625 et
1263 1591 1287 1630 ro

99 1671 202 1751 regnat
224 1667 257 1731 in
280 1668 407 1731 saecula
429 1667 633 1732 saeculorum.
657 1665 771 1731 Amen.

613 1928 716 1993 VIIII.

542 2073 585 2114 nn
608 2072 789 2114 nrrrrraum.

139 2189 227 2272 Quod
250 2189 342 2255 uobis
366 2189 404 2254 de
426 2189 574 2255 hesterna
601 2190 771 2254 lestiuitate
798 2193 924 2272 propter
950 2188 1090 2254 laborem
1113 2190 1235 2274 uigilia-

93 2315 163 2360 rum
183 2295 428 2374 reseruauimuS,
451 2312 545 2374 nunc,
568 2295 595 2358 si
614 2293 739 2374 iubetis,
762 2295 944 2376 oportunius
968 2294 1074 2360 audire
1093 2295 1234 2378 potestis.
1264 2320 1288 2360 n

93 2401 242 2484 proxime,
266 2399 379 2462 iratres
399 2399 562 2479 carissimi,
586 2399 724 2464 natalem
745 2398 862 2462 domini
882 2399 1046 2463 saluatoris
1067 2400 1236 2483 exegimus,

92 2523 154 2586 quo
169 2502 262 2568 nobis
285 2507 378 2568 natus
401 2503 432 2566 in
456 2507 597 2584 tempore
613 2505 661 2567 ert
683 2503 823 2568 omniurn
847 2503 1042 2568 saeculorum
1065 2521 1101 2568 ac
1116 2507 1237 2586 tempo·

91 2627 163 2674 rum
176 2609 355 2673 antecessor
367 2611 399 2671 et
414 2607 562 2672 eonditor.
597 2607 688 2670 hodie
704 2625 777 2671 uero
793 2626 848 2690 per
860 2607 1048 2672 documenta
1062 2607 1238 2672 certissima

90 2715 168 2778 deus
201 2713 235 2776 in
266 2711 392 2776 homine
422 2711 597 2776 declaratus
628 2715 686 2792 est,
718 2712 785 2776 siue
816 2711 898 2793 quod
929 2712 1054 2776 stellam
1085 2711 1122 2776 de
1152 2711 1237 2776 caelo

88 2821 180 2883 ortus
201 2817 252 2881 sui
272 2818 418 2881 nuntium
437 2816 591 2899 praebuit,
613 2835 708 2900 quam
731 2815 936 2898 sequentibus
959 2817 1059 2899 magis
1083 2816 1236 2898 usquead
1263 2843 1289 2882 ro

88 2925 259 3005 susceptae
289 2920 440 2986 infantiae
470 2921 650 2986 uenerande
679 2920 836 2985 cunabula
864 2921 1027 3002 praeuiam
1057 2920 1140 3001 lecit,
1170 2921 1236 2984 siue

88 3026 173 3108 quod
206 3026 239 3090 iu
269 3025 411 3090 Iordanis
442 3025 531 3090 alueo
563 3043 658 3108 aquas
689 3025 835 3090 omnibus
865 3024 1012 3108 gentibus
1040 3025 1236 3090 adsalutem

87 3129 226 3194 humani
248 3130 371 3213 generis
403 3147 459 3194 suo
482 3129 673 3212 baptismate
704 3130 899 3194 consecrauit
921 3165 963 3174 -
986 3146 1039 3193 eas
1071 3130 1154 3194 enim
1184 3129 1236 3194 ille

88 3233 240 3298 omnibus
264 3234 354 3315 aquis
376 3235 481 3317 purior
504 3253 567 3299 non
589 3237 655 3298 tam
679 3233 920 3298 sanctificandus
943 3251 1038 3316 quam
1061 3233 1237 3298 sanctifica-

87 3343 182 3402 turus
199 3337 331 3403 intrauit
347 3375 398 3418 —,
423 3339 489 3403 siue
505 3339 582 3402 haec
605 3339 714 3402 eadem
737 3338 819 3402 illius
845 3338 987 3402 miraculi
1011 3337 1076 3402 dies
1100 3339 1152 3419 sit,
1175 3357 1236 3421 qua
1262 3365 1289 3406 rc

133 3477 281 3531 litenere
305 3475 334 3530 D
398 3475 555 3532 imitarier
577 3476 675 3530 mutari
699 3477 728 3530 D
789 3476 936 3531 2remierc
955 3477 984 3530 D
1036 3476 1158 3546 decepit
1175 3477 1238 3531 Mai

86 3563 247 3618 tincidere
267 3563 297 3618 D
350 3565 435 3632 5qui
458 3563 723 3618 luerat—benedicit
741 3565 771 3619 D
788 3566 819 3619 in
837 3582 993 3634 marperop.
1056 3565 1192 3622 8itenere
1209 3565 1239 3620 D

86 3651 104 3701 9
123 3653 292 3704 commotare
312 3651 341 3704 D
412 3653 444 3706 13
463 3650 558 3721 incipit
576 3649 608 3704 de
626 3650 768 3720 epiphania
785 3667 872 3704 sermo
895 3650 1005 3705 faustini
1023 3651 1066 3719 D;
1087 3653 1131 3708 bic
1152 3669 1238 3708 sorrow

86 3743 179 3790 eccm
202 3739 286 3792 etiam
304 3738 335 3791 ira
353 3739 410 3793 cod.
424 3739 515 3794 Porio.
529 3739 574 3793 lut.
588 3742 659 3794 3783
675 3755 741 3794 eaeo.
756 3738 808 3793 XI
821 3737 869 3807 sol.
883 3741 935 3792 90·
952 3739 1015 3806 (P),·
1036 3739 1100 3792 item
1123 3737 1238 3792 homelia

88 3819 122 3872 de
142 3821 204 3877 sfflr
223 3823 349 3894 epyphari
367 3807 408 3878 eci
423 3823 505 3878 feristi
524 3807 565 3894 e⁶pi
585 3826 612 3880 P
672 3827 703 3882 14
722 3827 826 3878 esterna
844 3825 873 3879 D
931 3827 963 3880 16
981 3827 1063 3880 cerba
1080 3825 1237 3894 proxime-

85 3924 114 3974 ρ.
127 3913 225 3978 257,5
243 3911 408 3966 substantiae
427 3920 579 3982 eocpmoot
596 3931 657 3968 cunr
675 3914 756 3968 initio
775 3913 873 3968 moro.
886 3914 985 3968 bonor
1040 3915 1071 3968 17
1090 3910 1178 3981 copore
1197 3913 1236 3967 D¹

86 4033 121 4070 Μ
139 4037 178 4078 α
196 4027 224 4076 ut
242 4025 271 4080 D
344 4029 375 4082 18
398 4042 445 4094 per
468 4025 628 4080 documenta
650 4025 810 4094 certissima]
834 4025 903 4078 sicut
924 4023 1047 4093 prodigia
1068 3991 1238 4080 commendrft

87 4132 246 4190 certissimo
270 4137 298 4192 P
317 4137 464 4207 (deprecer.
481 4155 554 4192 moa.
571 4139 631 4204 alt.)
703 4140 735 4194 19
762 4137 839 4191 stella
862 4138 965 4194 PErcr.
1036 4141 1070 4192 20
1093 4137 1190 4192 nuncia
1213 4139 1240 4192 P

87 4219 269 4287 stupentibus
288 4224 391 4280 PEae.
446 4225 537 4293 utique
551 4225 578 4278 P
628 4227 660 4282 21
680 4229 800 4293 suscepto
813 4226 871 4280 DP
921 4224 1040 4294 precium
1053 4225 1087 4292 P,
1104 4225 1238 4289 puiamD

88 4304 127 4358 22
152 4305 187 4359 in
207 4325 258 4364 cor.
274 4311 302 4366 P
369 4312 404 4366 23
425 4327 474 4366 suo
491 4329 524 4367 erc
542 4327 590 4365 sua
611 4311 639 4366 P
706 4309 867 4366 babtismate
890 4313 919 4366 D
989 4311 1135 4380 asperior
1160 4312 1238 4382 Eur,

90 4389 173 4456 prior
195 4395 249 4450 DP
298 4399 331 4454 25
350 4415 430 4466 quam
450 4399 476 4452 P
