2924 4924
521 436 587 490 IIII.
602 435 710 490 Sermo
729 438 753 491 3.
1140 435 1203 503 233

79 606 167 672 lectus
183 613 239 690 est,
260 611 428 692 pretiosa
443 611 492 675 sit
506 611 544 676 in
559 615 763 696 conspeetu
779 611 917 676 domini
937 631 1034 677 mers
1058 617 1204 678 sancte-

79 729 146 775 rum
169 713 262 794 eius,
286 713 409 797 siquid
431 719 536 780 tamen
561 716 676 782 distare
699 717 781 782 inter
803 719 955 800 martyres
978 719 1091 800 potest,
1114 737 1204 801 prae·

80 815 177 898 cipnus
206 817 365 883 uideretur
395 838 463 885 esse
494 839 568 904 prae
600 819 760 902 omnibus,
791 820 844 903 qui
874 821 993 904 primus
1025 825 1080 886 est.
1130 841 1204 887 nem

81 937 142 983 cunr
170 925 297 986 sanetus
327 922 504 1006 Stephanus
536 925 683 990 diaconus
715 925 753 990 ab
786 925 933 1008 apostolis
964 925 1123 990 ordinatus
1153 927 1204 1008 sit,

81 1026 221 1106 apostoles
248 1027 333 1110 ipses
361 1027 512 1094 beateae
540 1029 722 1113 triumphali
748 1033 848 1094 morte
876 1030 1057 1112 praecessit.
1103 1049 1139 1095 ac
1162 1031 1245 1095 sice

81 1131 125 1210 qui
145 1135 209 1196 erat
229 1131 358 1198 Inferior
380 1133 495 1214 ordine,
523 1135 642 1218 primus
665 1134 766 1199 lactus
790 1134 894 1199 estin
920 1134 1065 1218 passione
1089 1139 1129 1216 et,
1153 1136 1207 1218 qui

81 1237 139 1298 eret
159 1234 327 1319 discipulus
350 1238 459 1321 gradu,
487 1239 636 1323 magister
659 1238 761 1321 coepit
787 1257 856 1303 esse
883 1239 1031 1322 martyrio
1059 1239 1206 1322 conplens

81 1337 156 1420 illud,
182 1341 263 1422 qued
290 1341 401 1406 beatus
428 1343 581 1427 prophete
608 1345 640 1408 in
667 1345 799 1428 psalmo,
827 1345 880 1426 qui
906 1344 1007 1410 lectus
1030 1349 1089 1424 est,
1116 1345 1206 1408 dixit:

83 1443 159 1523 quid
184 1444 393 1510 retribuam
420 1448 566 1514 dominc
593 1467 658 1531 pro
686 1447 873 1535 omnibus,
904 1467 998 1531 quae
1026 1449 1209 1513 retribuit

83 1546 185 1612 mibi?
207 1548 378 1614 retribuere
395 1552 479 1616 enim
494 1552 615 1635 primus
631 1553 730 1618 uoluit
745 1550 922 1636 Stephanus
938 1557 1056 1636 martyr
1072 1553 1208 1633 dominc,
1236 1573 1261 1612 ιο

83 1651 250 1732 quodcum
278 1655 364 1720 omni
392 1657 530 1722 humane
557 1677 671 1742 genere
699 1658 819 1740 accepit
846 1675 865 1722 a
891 1657 1024 1722 demine.
1074 1662 1209 1722 mertem

84 1755 165 1838 enim,
187 1776 281 1840 quarn
305 1760 451 1844 dignatus
475 1765 523 1825 est
546 1761 683 1826 saluatur
705 1779 760 1844 pre
783 1759 930 1826 omnibus
953 1764 1028 1846 peti,
1052 1762 1132 1826 hanc
1156 1762 1208 1826 ille
1323 1789 1328 1798 ·

84 1861 190 1940 primus
212 1863 346 1930 reddidit
369 1866 526 1931 seductori.

119 1965 191 2032 Post
211 1968 289 2032 haec
312 1969 444 2035 subiecit
466 1973 618 2054 scriptura
641 1989 729 2036 sacra
752 1975 783 2035 et
806 1970 863 2034 ait:
891 1969 1026 2052 positis
1049 1969 1210 2055 genibus

85 2070 254 2137 clamauit
278 2074 420 2138 dicens:
450 2076 611 2156 domine,
640 2095 682 2139 ne
705 2079 852 2140 statuas
876 2075 956 2138 illis
979 2075 1046 2139 lrce
1070 2075 1105 2138 in
1129 2093 1210 2158 pec·
1239 2093 1262 2135 11

86 2179 204 2242 catum.
237 2180 350 2259 uidete,
375 2179 569 2244 dilectissimi
591 2180 714 2261 fratres
738 2179 886 2244 affectum
909 2178 993 2243 beati
1016 2180 1084 2260 uiri,
1107 2179 1211 2244 uidete

87 2297 222 2364 magnam
246 2287 277 2348 et
299 2283 477 2348 mirabilem
501 2285 672 2348 caritatem.
710 2285 742 2348 in
764 2283 980 2367 perseeutione
1002 2284 1122 2366 pesitus
1146 2285 1212 2348 erat

87 2387 113 2445 et
140 2403 192 2467 pre
223 2387 475 2470 persecutoribus
507 2389 631 2454 demine
664 2387 862 2470 subplicabet
891 2391 983 2470 etque
1011 2389 1043 2452 in
1073 2388 1212 2470 lapidum

86 2487 174 2570 ruina,
197 2492 318 2573 qnando
341 2493 419 2557 elius
436 2493 576 2557 obliuisci
598 2496 721 2575 poterat
743 2492 838 2556 etiam
862 2493 1038 2556 carissimos
1055 2509 1137 2572 sues,
1160 2491 1213 2556 ille

87 2591 199 2660 demine
222 2596 462 2662 commendebat
485 2597 636 2662 inimices.
682 2597 756 2679 quid
780 2597 862 2661 enim
886 2596 1017 2677 dicebat,
1040 2615 1113 2660 eum
1134 2595 1213 2678 lapi·
1239 2617 1266 2657 111

87 2695 221 2764 daretur?
255 2701 391 2781 demine,
415 2721 453 2765 ne
478 2705 597 2766 statuas
621 2702 681 2766 illis
704 2700 762 2765 hnc
778 2701 810 2764 in
833 2705 1006 2784 peecatum.
1042 2702 1111 2784 plus
1128 2700 1213 2764 enim

88 2802 154 2866 tnnc
179 2805 303 2870 illerum
327 2805 453 2870 delebat
479 2809 606 2890 peccate
629 2824 722 2888 quarn
747 2824 806 2870 sua·
826 2805 967 2884 uulnere,
994 2805 1064 2888 plus
1088 2805 1213 2868 illerum

87 2904 267 2990 impietatem
291 2927 385 2991 quam
414 2929 503 2975 snam
535 2915 676 2975 mertem.
723 2913 753 2974 et
782 2913 865 2974 recte
896 2909 975 2992 plus,
1026 2911 1058 2972 in
1089 2909 1213 2972 illorum

87 3011 190 3095 quippe
219 3015 381 3096 impietate
409 3020 498 3079 erant
527 3015 638 3096 multa,
671 3032 750 3097 quae
773 3013 889 3078 debent
919 3013 1036 3096 plangi,
1068 3013 1099 3076 in
1130 3011 1213 3075 illius

89 3119 182 3180 autern
206 3121 306 3182 morte
330 3137 390 3184 non
415 3123 512 3200 erant,
536 3137 613 3201 quae
637 3118 732 3182 deleri
755 3117 914 3183 deberent.
958 3117 1082 3181 illorum
1105 3116 1214 3199 impie·
1242 3139 1267 3180 21

90 3219 175 3286 tatem
199 3241 283 3287 mers
300 3223 488 3304 sequebatur
503 3227 640 3303 aeterna,
663 3223 756 3287 huius
773 3225 878 3287 autern
900 3225 1034 3286 mortem
1057 3221 1124 3285 uita
1145 3239 1216 3304 per-

90 3329 181 3402 petua.
214 3327 375 3392 imitemur
398 3347 470 3412 erge
493 3329 525 3392 in
546 3328 659 3410 alique,
683 3326 878 3392 dilectissimi
900 3327 1023 3406 fratres,
1046 3327 1215 3390 1111111111-

90 3426 169 3508 gistri
190 3431 293 3513 tidem,
317 3437 383 3497 tarn
405 3433 556 3516 praeclari
580 3432 725 3516 martyris
749 3433 920 3496 caritatem.
968 3431 1133 3514 diligemus
1157 3429 1216 3494 hcc

92 3533 183 3599 anime
204 3535 235 3600 in
252 3537 382 3602 eeclesia
404 3537 516 3602 fratres
533 3542 666 3618 nostres,
690 3555 750 3619 quc
766 3535 823 3622 ille
845 3538 920 3600 tune
936 3535 1042 3600 dilexit
1063 3535 1215 3600 inimices.

186 3777 210 3846 1]
229 3777 329 3832 esum.
344 3781 401 3842 115.
415 3781 454 3835 15.
508 3778 536 3847 e]
555 3777 654 3832 esum.
670 3781 782 3842 115,12.
839 3777 882 3846 14]
902 3777 960 3830 Aer.
975 3779 1052 3840 1,.19.

129 4013 292 4082 inpostelus
310 4015 349 4068 D¹
403 3981 575 4068 011111111ΐῖ11)
632 4015 704 4069 deit
722 4020 784 4068 unte
802 4017 859 4065 erat
876 4029 982 4067 casum
1000 4010 1072 4064 inD
1131 4011 1217 4063 lene·

94 4095 127 4161 lit
146 4101 173 4154 D
227 4104 317 4169 {tque
340 4101 369 4156 D
427 4104 459 4156 10
483 4101 577 4154 martir
594 4101 624 4155 D
679 4103 708 4156 11
729 4099 825 4168 accipit
844 4100 873 4154 D
929 4101 961 4154 15
979 4096 1218 4166 hoceupruech

97 4211 327 4270 unumunurn
381 4217 412 4271 re
431 4181 634 4283 cupiente
686 4211 814 4281 arquen
867 4211 994 4265 111111
1049 4211 1081 4264 19
1100 4207 1218 4262 rentur)

96 4295 124 4350 24
139 4313 184 4366 que
202 4302 230 4355 D
292 4303 326 4358 25
344 4317 394 4368 que
413 4301 441 4356 D
506 4299 589 4354 deleri
608 4300 685 4354 Mac.
704 4306 729 4354 et
747 4301 826 4369 Aac,
846 4297 935 4352 delore
955 4299 983 4352 D
1057 4297 1091 4350 26
1109 4311 1217 4363 aequae·

95 4377 207 4442 baturD
262 4389 294 4444 27
313 4388 454 4442 emitemur
472 4389 501 4442 D
553 4387 581 4440 iu
601 4387 630 4442 D
648 4388 689 4442 bis
741 4389 775 4442 28
794 4385 912 4440 martiris
931 4385 960 4438 D
