2920 4930
516 415 613 469 Liber
632 415 645 469 I
665 420 773 474 10-11.
1174 420 1214 483 37

76 593 158 654 ratur
179 595 211 655 et
227 591 279 655 ille
296 591 488 675 despicitur?
525 596 651 676 propter
674 591 733 658 hoo
756 594 873 676 utique,
898 593 969 676 quia
992 597 1023 658 et
1045 595 1097 658 ille
1121 595 1215 660 deum

77 695 243 776 glorificare
266 696 378 778 potuit,
401 697 454 778 qui
476 697 582 761 intulit
605 699 838 779 contumeliam,
862 701 894 762 et
917 699 977 763 iste
1005 703 1214 780 contemnere,

78 799 123 880 qui
153 799 265 864 detulit
295 800 442 884 gloriam,
474 801 545 884 quia
575 802 697 885 placere
728 802 853 867 domino
881 802 937 867 deo
968 820 1024 867 suc
1055 806 1086 868 et
1114 805 1216 886 potuit

78 905 164 985 nolle,
187 906 242 987 qui
257 905 366 985 uoluit,
390 909 422 970 et
437 907 538 989 potuit
554 907 644 987 uelle,
669 907 721 989 qui
744 907 852 972 uoluit.
894 925 951 971 nec
973 910 1064 990 putes
1087 909 1137 972 hic
1159 927 1215 972 na-

78 1013 160 1073 turae
188 1027 257 1073 esse
280 1009 472 1074 distantiam.
509 1011 576 1094 ipse
600 1015 658 1092 est,
688 1011 741 1093 qui
764 1012 843 1092 uult,
871 1011 947 1094 ipse,
976 1011 1028 1094 qui
1052 1031 1113 1077 non
1136 1014 1214 1077 uult.
1254 1039 1267 1078 s

115 1113 253 1196 Quisque
276 1132 349 1198 ergo
364 1117 492 1180 renatus
508 1115 541 1179 in
558 1113 691 1196 Christo,
715 1116 777 1180 nisi
792 1116 878 1200 prius
894 1115 989 1180 fuerit
1003 1133 1060 1180 uas
1077 1117 1215 1182 malitiae

77 1237 127 1300 per
148 1219 273 1302 eulpam
296 1219 463 1302 propriam,
492 1237 548 1284 uas
577 1220 713 1284 offensae
744 1223 777 1284 et
806 1221 869 1284 irae
901 1239 969 1284 esse
1000 1239 1062 1285 non
1090 1222 1213 1304 poterit.

78 1328 103 1386 et
126 1342 142 1386 e
165 1324 327 1403 contrario,
351 1327 387 1388 ut
409 1322 465 1388 tint
487 1342 543 1388 uas
567 1325 806 1406 misericordiae,
830 1325 915 1408 prius
939 1325 1064 1390 futurus
1088 1329 1137 1390 est
1158 1344 1215 1391 uas

77 1427 296 1510 oboedientiae,
327 1431 362 1493 ut
389 1427 649 1511 praecedentibus
680 1430 783 1494 causis
814 1429 889 1494 iusti
919 1430 1028 1494 iudicis
1061 1431 1216 1496 sententia

78 1532 290 1615 subsequatur.
329 1534 532 1598 ostendamus
560 1552 616 1598 uas
644 1524 851 1598 contumeliae
875 1535 907 1598 in
931 1552 987 1598 uas
1010 1534 1137 1600 honoris
1161 1535 1214 1599 ad·
1242 1563 1268 1602 ro

78 1637 181 1702 intorio
212 1637 261 1702 dei
288 1641 320 1702 et
347 1638 448 1704 studio
476 1656 531 1702 suo
558 1656 651 1722 posse
675 1638 827 1703 transire:
862 1639 908 1720 si,
939 1639 1058 1722 inquit,
1089 1638 1214 1704 dixero

79 1741 201 1825 impio:
225 1745 342 1808 morte
365 1743 552 1824 morieris,
581 1747 616 1808 et
643 1744 763 1829 egerit
785 1743 1059 1827 paenitentiam
1090 1761 1108 1807 a
1135 1763 1214 1826 pee-

79 1850 159 1911 eatc
181 1865 246 1912 suo
269 1848 478 1930 feceritque
501 1848 682 1912 iudicium
710 1851 746 1913 et
772 1848 977 1929 iustitiam,
1006 1848 1086 1912 uita
1111 1849 1215 1912 uiuet

80 1955 112 2014 et
140 1970 208 2016 non
239 1953 430 2017 morietur.
473 1953 547 2035 quid
579 1955 628 2017 est
657 1953 772 2035 impius
803 1952 863 2016 nisi
894 1970 950 2017 uas
983 1952 1214 2016 contumeliae?

79 2075 144 2120 ecee
165 2075 218 2140 per
241 2056 415 2120 remedium
438 2057 647 2140 paenitentiae
671 2056 775 2121 subito
795 2057 964 2122 honoratur
987 2057 1120 2121 candore
1142 2075 1214 2142 gra·
1242 2083 1266 2124 ra

79 2162 134 2224 tiae
156 2165 186 2226 et
208 2161 347 2226 induitur
370 2162 479 2226 decore
511 2163 657 2243 iustitiae,
685 2165 721 2226 ut
746 2165 946 2245 peecatorum
974 2161 1060 2226 faece
1091 2162 1214 2226 detersa

81 2265 264 2331 confidenter
286 2267 385 2350 possit
408 2266 509 2332 dicere
536 2285 608 2331 cum
635 2267 804 2350 propheta:
836 2285 1014 2351 asperges
1046 2285 1101 2330 me
1131 2267 1213 2350 hys-

80 2387 160 2454 sopo
187 2375 223 2436 et
250 2371 470 2452 mundabor,
488 2371 650 2436 ‘lauabis
678 2391 732 2436 me
764 2375 800 2436 et
826 2391 936 2456 super
964 2371 1088 2436 niuem
1116 2371 1213 2436 deal·

81 2473 194 2540 babor.
241 2475 314 2541 audi
337 2476 524 2558 apostolum,
555 2476 709 2559 quomodo
740 2475 879 2540 dealbari
908 2494 1000 2560 posse
1031 2476 1213 2559 pronuntiat

81 2581 209 2645 maculas
233 2581 453 2662 conscientiae,
477 2583 513 2644 ut
528 2581 565 2644 de
581 2599 656 2645 uase
679 2581 854 2664 iniquitatis
878 2598 934 2644 uas
958 2579 1212 2645 sanctificationis
1240 2607 1265 2647 so

81 2689 236 2768 appareat:
266 2685 304 2749 in
332 2685 451 2766 domo,
479 2686 590 2768 inquit,
619 2703 752 2770 magna
775 2703 846 2750 non
869 2685 989 2750 solum
1013 2687 1101 2749 sunt
1122 2703 1214 2748 uasa

81 2805 182 2854 aurea
205 2793 241 2854 at
263 2793 455 2874 argentea,
484 2791 547 2854 sed
575 2795 610 2854 et
632 2790 758 2874 lignea
780 2793 816 2854 et
838 2789 990 2870 fictilia,
1013 2787 1114 2874 <alia>
1137 2790 1213 2872 qui-

82 2892 153 2958 dem
174 2895 209 2960 in
233 2895 423 2976 honorem,
450 2895 526 2958 alia
548 2912 634 2958 uero
658 2895 693 2958 in
717 2894 991 2958 contumeliam,
1024 2893 1137 2958 adtolle
1161 2912 1212 2958 cor

82 2997 203 3064 liberum
227 2999 267 3064 ab
291 2997 470 3064 inmutabili
493 2999 691 3079 necessitate,
715 2997 855 3062 humana
870 2998 1014 3079 conditio,
1031 3003 1064 3063 et
1079 3015 1211 3083 agnosce

83 3103 153 3168 eirca
174 3105 309 3169 salutem
332 3103 468 3168 hominis
492 3103 608 3167 domini
636 3104 681 3167 tui
703 3103 896 3168 ineffabilem
918 3102 1100 3168 bonitatem.
1140 3121 1212 3167 oum
1239 3129 1265 3171 rs

84 3205 215 3273 dixisset:
245 3209 319 3273 alia
346 3208 493 3291 quidem
517 3208 553 3272 in
576 3208 770 3288 honorem⁷
800 3209 875 3272 alia
902 3225 988 3272 uero
1019 3208 1055 3272 in
1086 3210 1212 3272 contu-

83 3314 234 3396 meliam,
258 3331 388 3378 manum
412 3314 477 3397 spei
500 3312 643 3377 fidelibus
668 3313 789 3396 aperuit
810 3330 847 3377 ac
869 3313 1015 3377 dilatauit
1029 3314 1073 3377 ita
1088 3313 1211 3377 dicens:

83 3418 164 3496 quod
187 3419 218 3482 si
241 3419 323 3501 quis
348 3437 385 3482 se
409 3435 449 3482 ex
472 3417 529 3481 his
553 3416 835 3501 expurgauerit,
860 3418 931 3482 erit
953 3435 1017 3482 uas
1042 3417 1078 3482 in
1102 3417 1212 3482 hono·

83 3537 147 3586 rem
170 3521 464 3588 sanctificatum.

111 3795 130 3850 Τ
174 3711 217 3782 11]
237 3711 440 3776 1111113111.
505 3711 549 3781 11]
568 3709 669 3765 nsum.
688 3713 766 3774 see.
833 3709 879 3779 ar]
899 3711 915 3765 a
934 3709 1096 3776 nmaao.
1164 3709 1210 3779 aa]

83 3797 173 3852 arm.
186 3800 210 3864 a,
223 3801 265 3855 21.

120 3971 288 4042 ldispioitur
305 3973 334 4028 P
384 3973 491 4042 utiquae
510 3973 538 4027 P
589 3969 629 4024 illi
648 3972 676 4026 P
731 3975 827 4040 5post
844 3973 960 4027 ulter-rem
979 3971 1034 4040 ipse
1053 3971 1117 4026 add.
1137 3973 1212 4026 esto

83 4055 229 4128 tquisquae
248 4061 276 4116 P
328 4062 410 4114 luas
428 4077 514 4116 onav
569 4060 601 4114 13
620 4057 781 4126 feceritquae
801 4058 828 4112 P
885 4061 917 4114 17
936 4057 1055 4128 aspargis
1073 4059 1101 4112 P
1156 4057 1211 4126 me]

85 4165 294 4228 dominacione
346 4187 427 4242 ysopo
447 4173 474 4227 P
525 4174 559 4228 22
578 4137 648 4224 li⁸nea
666 4172 694 4225 P
749 4170 802 4224 alia
819 4172 926 4240 addidi,
945 4189 995 4226 om.
1017 4171 1044 4226 P
1102 4167 1210 4236 quidem

84 4285 175 4354 steps,
194 4289 226 4356 ss.
241 4288 257 4342 1,
271 4289 315 4356 aa,
334 4284 400 4358 qur
418 4285 489 4342 enim
509 4285 536 4342 P
587 4283 651 4356 quta
670 4285 741 4342 enim
761 4283 813 4340 aa
832 4287 895 4338 sune
914 4299 1012 4340 nasae
1069 4283 1102 4342 aa
1121 4248 1210 4340 cruia

87 4367 116 4420 uit
134 4371 158 4428 P
