2920 4928
334 953 561 1028 dioruull
590 953 723 1029 LIBRI
752 954 903 1029 PRllll.

138 1333 157 1393 l.
180 1335 257 1405 Quod
280 1335 391 1410 Pelagii
414 1352 528 1408 sensus,
556 1336 604 1410 qui
628 1335 748 1411 gratiam
773 1337 901 1411 negauit,
929 1337 1019 1412 primo
1047 1339 1106 1398 looo
1135 1357 1184 1397 ne-

182 1457 261 1498 eesse
284 1440 323 1498 sit
346 1440 464 1499 destrui.

124 1541 157 1600 ll.
180 1545 284 1602 Contra
303 1543 489 1603 obiectionem
508 1544 628 1619 Pelagii,
649 1540 709 1619 qua¹
721 1544 789 1604 dioit
809 1545 943 1620 paruulos
965 1545 1106 1620 baptismo
1126 1565 1184 1606 non

180 1665 270 1723 ogere.
1223 1665 1236 1704 ⁵

111 1749 156 1810 lll.
179 1753 285 1812 Contra
303 1753 364 1823 hoo,
385 1754 458 1826 quod
474 1752 583 1823 dieunt,
599 1753 667 1827 qnia
682 1771 733 1828 per
748 1753 836 1812 solam
852 1755 974 1829 gratiam
990 1756 1083 1814 ornnis
1099 1757 1181 1814 homo

178 1856 240 1915 sino
264 1857 321 1915 ullo
344 1857 438 1916 laboro
461 1859 600 1916 seruetur.
632 1859 732 1916 eontra
748 1875 810 1916 eum
827 1877 954 1930 sensnm,
978 1860 1026 1935 qui
1048 1859 1180 1918 dicendo:

179 1979 253 2020 unns
276 1962 312 2019 ad
334 1965 453 2020 mortem
476 1961 720 2036 praedestinatum
749 1963 821 2021 alter
848 1965 882 2022 ad
909 1964 999 2023 uitam
1022 1965 1180 2039 praedesti·
1248 1997 1252 2005 =

178 2068 340 2136 natusest,
365 2069 449 2124 rebus
472 2066 544 2140 ipsis
567 2084 646 2140 spem
669 2067 835 2126 intercludit
857 2069 966 2127 orandi.

11 2215 12 2220 ,
97 2167 155 2228 llll.
178 2171 232 2229 Ubi
255 2169 328 2246 legis
352 2187 437 2245 opera
459 2171 649 2229 destruuntur
671 2173 700 2229 et
722 2172 832 2246 gratiae
855 2175 1097 2232 commendantur.
1208 2189 1233 2227 ro

125 2273 155 2332 ll.
178 2275 218 2333 De
241 2291 282 2345 eo,
307 2275 381 2348 quod
404 2274 461 2333 ait:
485 2275 579 2350 gratia
602 2275 646 2334 dei
670 2293 732 2333 sum
756 2275 793 2346 id,
817 2278 890 2351 quod
914 2295 986 2336 sum.

112 2375 154 2436 Vl.
176 2379 317 2450 Quomodo
340 2379 563 2454 intellegendum
586 2379 640 2438 sit:
664 2379 767 2454 gratia,
792 2380 896 2455 inquit,
920 2382 994 2440 salui
1017 2381 1086 2442 laeti
1109 2383 1180 2442 estis

176 2501 225 2558 per
248 2483 330 2542 fidem
353 2485 383 2541 ot
405 2501 465 2542 non
488 2501 521 2542 ex
544 2484 635 2542 nobie.

100 2585 154 2646 lll.
178 2587 282 2647 Contra
307 2588 370 2658 hoo,
398 2589 472 2662 quod
493 2587 591 2648 diount
618 2589 737 2648 liberum
766 2589 915 2648 arbitrium
942 2607 975 2649 ox
1003 2594 1063 2650 toto
1090 2591 1181 2650 luisse

177 2693 330 2752 sublatum.
1209 2711 1233 2750 m

87 2791 154 2853 l‘lll.
176 2796 305 2867 Qualiter
328 2795 481 2854 infirmitas
505 2796 587 2856 liberi
610 2797 721 2856 arbitrii
746 2797 940 2873 intellegenda
962 2799 1010 2858 sit.

77 2893 154 2957 lllll.
177 2901 320 2970 Quomodo
348 2899 569 2974 intellegendum
599 2901 652 2959 ait:
682 2919 740 2960 non
764 2902 888 2960 uolentis
913 2919 1004 2976 neque
1026 2903 1179 2971 currentia,

175 3005 224 3064 sed
246 3004 412 3064 miserentis
435 3007 481 3063 est
503 3005 561 3076 dei,
586 3005 630 3064 uel
655 3005 741 3064 illud:
770 3023 829 3065 non
857 3007 924 3065 ueni
952 3024 1053 3066 rrooare
1077 3007 1178 3075 iustos,

175 3111 223 3168 sed
246 3111 409 3183 peccatores
433 3108 464 3166 in
487 3109 704 3184 paenitentiam.

122 3210 151 3270 ll.
174 3213 357 3282 contrahet,
381 3213 454 3287 qnod
475 3212 574 3272 dieunt
597 3215 632 3272 ad
653 3213 757 3272 malum
779 3217 891 3272 tantum
911 3214 1060 3276 arbitrium
1084 3233 1178 3290 prom-
1206 3237 1231 3274 ao

174 3321 253 3392 ptnrn
277 3333 341 3376 esee
363 3316 481 3388 homini,
505 3319 540 3376 ad
563 3321 667 3376 bonum
690 3336 808 3393 prorsus
832 3336 890 3376 non
913 3337 985 3378 osso.

111 3418 151 3478 lll.
173 3422 279 3480 Contra
301 3438 364 3478 enm
388 3439 514 3492 sensum,
535 3421 584 3496 qui
600 3422 678 3494 dicit,
699 3424 772 3496 quod
789 3439 840 3480 uas
858 3422 888 3480 in
903 3423 1103 3482 contumeliam
1120 3443 1177 3482 non

174 3525 266 3600 possit
288 3525 453 3600 adsurgere,
477 3527 509 3583 ut
531 3525 570 3584 sit
593 3544 645 3584 uos
668 3526 699 3584 in
722 3527 865 3586 honorem.

98 3625 151 3687 llll.
172 3631 243 3690 ltom
259 3629 334 3688 nella
349 3631 378 3688 et
393 3629 468 3688 nolle
484 3630 559 3689 siout
574 3631 609 3688 ad
624 3631 728 3690 malam
743 3631 784 3688 ita
799 3631 883 3690 etiam
899 3631 934 3690 ad
950 3633 1052 3690 bonam
1068 3637 1177 3707 partem

172 3734 296 3794 hominis
320 3734 438 3794 arbitrio
461 3733 552 3794 fuisse
575 3735 757 3794 conmissum.
1204 3755 1228 3794 er

100 3971 107 4022 1
129 3969 311 4028 rnorrruur
333 3971 511 4028 curruum
537 3973 584 4026 na
604 3926 849 4028 inruoimoo
873 3975 899 4028 P
967 3979 982 4029 a
1010 3975 1126 4044 graciam
1152 3977 1179 4030 Ρ

63 4054 75 4099 :t
91 4053 172 4110 distrui
190 4061 216 4112 P
270 4059 402 4128 lpelagii
422 4060 449 4112 P
500 4059 994 4130 8praedisliuatus1’utroqraeloce
1056 4063 1175 4117 Qintor·

63 4135 202 4198 ‹lnditornm
226 4145 262 4216 di
288 4147 315 4201 P
383 4149 414 4201 lo
439 4145 609 4200 distruuntur
633 4149 660 4202 P
729 4151 760 4202 12
785 4147 878 4216 inquid
902 4149 929 4202 P
993 4151 1025 4202 13
1052 4148 1123 4201 idern
1151 4151 1177 4202 P

66 4249 90 4298 li
110 4251 272 4326 intellegenda
296 4259 323 4314 P
388 4224 503 4312 uolentis
521 4261 549 4314 P
618 4262 649 4314 19
670 4259 832 4328 peonitentia
857 4261 884 4314 P
940 4265 972 4317 ‘20
995 4265 1130 4332 promtum
1150 4263 1177 4318 P

64 4361 92 4410 ‘al
106 4361 192 4422 honore
210 4371 235 4425 P
285 4373 317 4428 al
337 4337 438 4426 malfam
456 4371 484 4427 P
534 4375 568 4428 25
586 4371 724 4427 conmissit
742 4373 770 4428 P
