2924 4924
507 433 572 492 1111.
593 437 702 492 Sermo
721 435 761 493 17.
1139 435 1198 502 291

69 619 194 697 ceptum
218 611 335 679 domini
358 617 536 678 sanctorum
560 613 655 695 pedes
678 613 816 694 abluere,
840 631 901 677 non
924 611 1023 695 uideo,
1050 616 1202 696 quomodo

68 719 126 782 hoc
148 718 308 782 nesciente
332 718 459 782 sinistra
481 735 578 782 manu
601 717 699 800 possit
721 717 860 801 implere.

111 823 161 886 Ad
191 823 250 886 hoc
276 822 412 906 pertinet
443 822 538 886 etiam
570 821 657 902 illud,
687 821 768 904 quod
795 821 871 886 dixit
898 822 1055 887 dominus:
1087 824 1202 888 nolite

69 927 101 991 in
128 927 278 1010 augulis
305 927 516 1010 platearum
539 944 659 1006 orare,
688 926 751 989 sed
774 927 887 1006 intra,
911 927 1021 1008 inquit,
1044 928 1081 992 in
1103 927 1204 992 cubi·

68 1031 192 1096 culum
223 1033 325 1096 tuum
357 1034 392 1096 ct
418 1032 545 1095 clauso
574 1030 669 1094 ostio
697 1049 760 1094 ora
786 1035 929 1112 patrem
957 1035 1060 1097 tuum
1086 1033 1122 1096 in
1146 1032 1204 1096 ab·
1242 1057 1254 1097 e

69 1153 211 1200 secuso.
258 1153 328 1200 ecco
359 1141 390 1200 ct
413 1135 473 1218 ipsi
496 1135 575 1199 bene
599 1135 778 1218 agnoscitis,
809 1136 880 1216 quia
910 1154 967 1200 nec
997 1136 1055 1202 hoo
1082 1156 1205 1218 semper

69 1239 242 1304 secundum
266 1240 403 1304 litteram
425 1240 539 1322 poterit
566 1239 698 1321 impleri.
745 1257 818 1302 nam
846 1243 877 1304 et
904 1257 959 1304 nos
987 1241 1045 1322 ipsi
1068 1245 1099 1306 et
1121 1245 1204 1306 totus

70 1345 204 1426 populus
227 1361 290 1408 non
313 1344 415 1408 selum
438 1343 471 1406 in
494 1343 645 1407 cubiculis
670 1344 783 1408 nestris
807 1361 943 1424 oramus,
971 1345 1025 1408 sed
1049 1346 1144 1410 etiam
1167 1347 1205 1410 ad

70 1447 234 1512 ecclesiam
258 1448 461 1512 conueninrus
482 1451 513 1512 et
537 1448 629 1512 simul
653 1448 826 1511 cumomni
849 1449 961 1531 populo
984 1468 1088 1532 genua
1110 1449 1206 1514 flecti·

72 1572 150 1616 mus.
200 1557 232 1616 et
259 1551 412 1634 numquid
438 1551 516 1616 haec
543 1552 693 1616 facientes
721 1553 894 1635 praeceptis
923 1552 1036 1618 Christi
1063 1555 1208 1618 contrarii
1236 1581 1259 1618 re

72 1675 192 1736 sunaus,
216 1656 269 1737 qni
292 1655 376 1735 dixit,
400 1660 436 1720 ut
459 1655 491 1720 in
514 1655 664 1719 cubiculis
687 1655 792 1720 clauso
815 1657 893 1720 estio
914 1674 1001 1720 orare
1017 1657 1208 1722 debeamus?

73 1780 132 1824 non
157 1761 201 1824 ita
224 1764 281 1824 est.
328 1760 410 1824 uude
434 1760 528 1824 etiam
552 1761 610 1824 iste
634 1778 745 1823 sensus
768 1761 917 1843 superiori
941 1762 1113 1826 sententiae
1136 1779 1209 1826 con-

72 1865 202 1928 ueniens
227 1868 283 1928 est.
331 1865 464 1946 qualiter
487 1882 560 1946 ergo
583 1863 641 1927 hoc
665 1863 805 1946 intellegi
828 1864 950 1945 debeat,
974 1865 1140 1949 diligenter
1155 1867 1209 1930 ad-

73 1968 202 2032 tendite.
250 1968 275 2030 si
306 1969 430 2049 quando
460 1985 530 2032 oras
561 1968 655 2031 deum
683 1967 740 2051 <et>
766 1969 823 2032 hoc
854 1967 893 2032 ab
925 1969 976 2032 illo
1008 1971 1097 2052 petis,
1128 1971 1209 2052 quod

73 2073 207 2152 uidet-ur,
231 2071 354 2155 publice
378 2077 409 2135 et
431 2075 537 2154 aperto
561 2073 639 2136 ostie
663 2090 742 2152 oras,
766 2073 918 2154 quiahoc
941 2074 1035 2138 adeo
1058 2074 1106 2137 uis
1130 2075 1209 2138 acci·
1238 2099 1261 2140 rs

75 2195 158 2259 pere,
190 2176 271 2258 quod
302 2175 434 2240 uidetur.
490 2176 516 2238 si
540 2193 614 2240 uero
644 2195 699 2258 pro
729 2176 923 2260 indulgentia
952 2181 1149 2260 peccatorum
1181 2181 1211 2242 et

73 2299 128 2362 pre
151 2281 220 2344 uita
242 2285 370 2344 aeterna
392 2281 527 2343 uolueris
551 2280 735 2363 supplicare,
759 2281 853 2344 etiam
876 2281 903 2344 si
925 2281 1048 2364 publice
1065 2283 1211 2364 oraueris,

74 2386 181 2448 clauso
204 2385 282 2449 estio
306 2403 387 2465 oras,
411 2385 568 2466 quianon
592 2385 650 2448 hee
672 2385 765 2468 petie,
788 2385 869 2467 quod
892 2387 1025 2468 uidetur,
1053 2387 1106 2452 sed
1130 2387 1211 2469 quod

75 2508 137 2554 non
173 2488 307 2553 uidetur.
365 2507 444 2570 quae
479 2489 563 2552 enim
597 2489 753 2568 uidentur,
791 2491 974 2573 temporalia
1008 2495 1094 2571 sunt,
1132 2510 1211 2574 quae

75 2599 267 2658 autemnon
291 2593 446 2672 uidentur,
470 2597 597 2658 aeterna
612 2597 694 2658 sunt.
726 2594 753 2658 si
773 2595 957 2676 temporalia
978 2597 1110 2676 quaeris,
1134 2598 1214 2660 sieut
1239 2622 1264 2660 20

76 2699 140 2762 iam
157 2715 252 2780 supra
275 2697 346 2776 dixi,
369 2697 492 2780 publice
509 2701 540 2760 et
563 2701 669 2781 aperto
693 2699 771 2762 ostio
787 2716 867 2778 oras,
890 2699 916 2762 si
939 2703 1065 2763 aeterna
1081 2701 1213 2781 quaeris,

75 2805 197 2866 secreta
217 2805 265 2864 est
285 2801 383 2865 oratio
404 2805 468 2881 tua,
492 2801 657 2882 quianon,
681 2820 759 2883 quae
783 2803 936 2882 uidentur,
959 2802 1027 2885 <sed
1050 2821 1129 2884 quae
1153 2823 1213 2868 non

75 2907 235 2986 uidentur,
261 2909 350 2988 optas
379 2905 528 2988 accipere.
574 2907 627 2987 qui
658 2924 730 2990 erge
758 2907 821 2986 illa,
853 2925 933 2988 quae
961 2926 1021 2972 non
1046 2907 1215 2992 uidentur>,

75 3011 108 3074 in
122 3010 253 3074 ueritate
269 3009 448 3092 quaesierit,
465 3013 496 3074 et
512 3010 576 3090 illa,
591 3028 671 3092 quae
686 3011 840 3090 uidentur,
857 3011 981 3076 domino
997 3017 1214 3077 remunerante

75 3115 239 3198 percipiet,
271 3114 432 3196 quianon
461 3116 610 3178 mentitur
639 3115 701 3195 ille,
732 3116 785 3196 qui
812 3115 900 3180 dicit:
932 3117 1099 3198 quaerite
1130 3135 1215 3199 ergo
1242 3143 1268 3182 ee

76 3220 238 3302 primum
266 3237 420 3301 regnum
448 3219 506 3282 dei
535 3223 570 3282 et
597 3218 784 3283 iustitiam
813 3221 892 3284 eius
921 3225 956 3284 et
982 3221 1216 3286 haecomnia

76 3321 376 3406 praestabuntur
399 3321 515 3387 uobis.

124 3425 190 3491 Nec
213 3426 272 3490 hoc
296 3427 438 3507 dicimus,
461 3427 584 3507 fratres
612 3431 648 3491 ut
669 3446 725 3510 pro
748 3428 842 3492 rebus
871 3431 1096 3512 temporalibus
1120 3431 1217 3494 domi-

77 3549 158 3597 num
180 3547 243 3596 non
266 3549 401 3612 oremus,
429 3531 458 3594 id
482 3535 530 3595 est
557 3549 612 3613 pro
636 3533 769 3596 sanitate
792 3551 955 3614 corporum
984 3537 1038 3598 aut
1064 3553 1119 3618 pro
1142 3553 1217 3616 pace

184 3701 404 3772 simeones.
458 3702 503 3771 25]
523 3702 619 3758 natta.
633 3705 658 3770 e,
672 3705 714 3760 aa.

124 3857 265 3928 2impleri
284 3859 355 3928 Aap.
417 3859 546 3927 linquid
565 3861 594 3914 Ι)
655 3859 777 3915 thestio
796 3862 825 3916 Ι)
886 3861 1013 3931 Setiam]
1032 3861 1137 3931 publice
1155 3863 1217 3918 add.

76 3949 157 4014 Aue.
220 3949 249 4002 11
269 3944 357 3998 hostio
377 3947 406 4000 D
469 3949 500 4001 lt
519 3949 547 4000 et
563 3949 645 4018 Aup,
663 3965 713 4002 oar.
732 3949 762 4003 D
825 3951 856 4003 15
875 3947 979 4018 puplice
998 3949 1027 4003 D
1085 3949 1172 4004 hostio
1192 3951 1221 4005 D

77 4031 160 4101 quia]
177 4047 194 4101 q
211 4033 241 4088 D
295 4035 328 4088 16
346 4032 514 4102 indulgentia
530 4035 559 4090 D
613 4037 643 4090 17
663 4034 768 4104 puplice
786 4037 815 4090 D
869 4039 900 4092 18
918 4036 1046 4091 hostioD
1100 4039 1131 4092 19
1149 4037 1220 4090 enim

93 4125 106 4188 ',
129 4119 160 4174 D
179 4121 246 4188 (erat
270 4136 323 4174 non
345 4123 376 4176 in
398 4125 465 4189 ras.)
535 4125 568 4178 20
587 4122 675 4190 queris
694 4123 723 4177 D
792 4125 824 4179 21
844 4122 966 4193 pupplice
985 4123 1014 4178 D
1083 4123 1169 4176 hostio
1192 4125 1222 4180 D

73 4211 148 4278 poet
168 4222 226 4260 oras
248 4225 347 4262 rasura
369 4211 400 4262 in
418 4209 449 4262 D
465 4215 560 4276 acetct,
582 4211 613 4264 in
635 4227 689 4279 quc
706 4217 763 4265 erat
782 4210 843 4278 quia
862 4211 880 4264 fi
897 4209 947 4264 hoc
1017 4215 1123 4264 aeterna
1140 4213 1221 4282 Asty„

76 4303 191 4348 terrena
209 4296 238 4349 D
290 4295 421 4362 querisD
473 4298 507 4351 22
525 4296 571 4350 sed
590 4297 820 4364 quae-uidentur
838 4299 918 4368 Aup,
936 4315 987 4352 om.
1001 4299 1037 4365 D,
1055 4299 1102 4352 sed
1119 4300 1149 4352 iu
1167 4317 1220 4354 roc.

78 4381 140 4436 drio
160 4387 244 4436 arslot
297 4383 330 4436 25
348 4382 477 4452 percipiet
494 4385 575 4454 Aac,
592 4383 694 4453 pcipiat
712 4385 741 4438 D
793 4387 826 4440 28
845 4385 906 4454 hoc]
926 4385 963 4438 sic
981 4385 1129 4456 cdd.Aup.

1019 4473 1067 4524 19*
