2920 4930
246 403 288 468 48
708 402 729 456 1.
748 402 792 456 De
810 401 918 471 gratia

246 579 424 664 praecipitia
440 579 686 662 demerguntur?
709 595 789 660 quae
807 577 838 640 id
857 577 934 641 ratio
953 576 1028 660 agit,
1048 537 1108 640 nisi
1126 575 1198 658 quia
1214 572 1385 659 expugnari

247 702 281 747 se
308 683 434 768 ignauia
459 682 635 747 resoluente
665 727 1384 745 ...................

777 908 846 973 XV.

246 1029 303 1116 <nn
330 1052 426 1095 norun
454 1051 571 1095 nucum
598 1054 638 1093 ur
666 1051 792 1093 nunnae
819 1051 955 1094 cancros
977 1050 1121 1093 nncnnos
1144 1047 1386 1092 srurnrnunrunn

195 1142 208 1181 a
464 1141 519 1180 nnr
543 1139 665 1182 course
688 1139 884 1188 uuoaunnnu
907 1115 1166 1200 Punsuhswunnt).

292 1307 592 1322 ...........
614 1260 645 1322 et
667 1275 805 1338 oausam,
828 1275 883 1321 cur
904 1255 995 1321 fracti
1018 1256 1205 1336 uiderentur,
1229 1255 1386 1339 exposuit:

247 1365 397 1445 propter
427 1361 744 1442 incredulitatem,
772 1362 883 1443 inquit,
913 1361 1025 1425 fracti
1052 1363 1153 1440 sunt,
1184 1377 1245 1423 non
1277 1360 1387 1441 utique

246 1469 372 1549 propter
398 1465 644 1549 praescientiam.
683 1483 745 1530 non
768 1466 935 1549 specialem
958 1484 1026 1529 esse
1048 1465 1130 1529 circa
1151 1463 1316 1528 credentes
1340 1461 1387 1526 dei

248 1569 493 1635 munificentiam
516 1570 614 1651 docet,
637 1570 760 1652 quando
783 1573 815 1634 et
837 1588 899 1650 eos,
923 1587 999 1651 quos
1026 1568 1247 1633 incredulitatis
1274 1568 1388 1652 arguit,

197 1675 373 1738 recredere
402 1675 539 1758 potuisse
568 1675 770 1739 demonstrat.
809 1693 868 1756 qno
897 1692 1011 1758 genere
1042 1673 1136 1737 etiam
1162 1671 1308 1737 infideles
1339 1689 1389 1736 co-

247 1779 330 1862 piam
354 1779 426 1844 fidei
449 1779 603 1863 accepisse
627 1779 807 1843 manifestat
830 1783 870 1860 et,
894 1779 969 1842 dum
992 1778 1030 1842 de
1052 1777 1245 1842 naturalibus
1269 1777 1389 1842 fractos

248 1884 332 1965 dicit,
362 1887 598 1968 praesumentes
630 1883 789 1947 salutifera
819 1883 1020 1966 castigatione
1043 1882 1230 1966 conpressit:
1263 1882 1312 1962 si,
1342 1883 1390 1944 in·

248 1989 325 2072 quit,
349 1986 585 2051 naturalibus
609 1987 721 2051 ramis
745 2005 816 2052 non
838 1987 1019 2071 pepercit,
1043 2007 1086 2051 ne
1108 1987 1204 2050 forte
1228 2004 1299 2050 nec
1320 1985 1391 2050 tihi

248 2095 392 2176 pareat,
415 2095 446 2156 et
468 2091 623 2156 subdidit:
655 2095 690 2155 et
716 2092 789 2173 illi,
817 2093 925 2175 inquit,
953 2093 982 2156 sl
1011 2109 1081 2156 non
1107 2091 1390 2175 permanserint

198 2221 222 2262 a
248 2198 284 2262 in
314 2196 594 2277 incredulitate,
625 2196 848 2260 inserentur.
880 2198 1014 2279 potens
1045 2198 1102 2259 est
1127 2194 1216 2258 dous
1247 2195 1391 2259 iterum

249 2303 414 2366 inserere
444 2301 541 2364 illos.
580 2301 872 2383 magnanimitatem
902 2303 1007 2383 itaque
1038 2299 1089 2364 hic
1119 2303 1150 2364 et
1175 2299 1392 2364 humilitatem

250 2406 350 2470 cordis
374 2405 558 2488 adloquitur,
588 2405 809 2485 humilitatem,
839 2408 931 2469 utet
958 2405 1011 2487 qui
1038 2404 1174 2469 insertus
1204 2405 1253 2467 cst
1285 2403 1393 2488 frangi

250 2511 369 2591 timeat,
393 2508 694 2593 magnanimitatem,
718 2513 753 2573 ut
772 2529 860 2592 spem
880 2508 1139 2574 remunerationis
1155 2507 1254 2590 etqui
1271 2508 1392 2573 fractus

252 2618 300 2679 est
322 2632 385 2678 non
407 2613 549 2698 deponat.
588 2615 633 2678 sic
655 2632 747 2679 ouem
769 2615 923 2698 perditam
946 2615 1052 2698 pastor
1075 2613 1200 2677 sedulus
1222 2613 1394 2694 inquisinit

198 2743 224 2783 ro
251 2723 282 2783 et
304 2719 468 2783 inuentam
495 2718 642 2783 subiectis
672 2719 711 2782 ad
739 2719 820 2784 ouile
846 2719 984 2783 humeris
1007 2716 1186 2802 reportauit.
1231 2717 1392 2798 quomodo

251 2827 435 2906 sequentem
456 2823 654 2907 relinqueret,
678 2825 730 2906 qui
752 2824 892 2906 sequitur
915 2823 1011 2888 etiam
1033 2822 1285 2904 relinquentem?

779 3033 863 3099 XVI.

253 3177 374 3222 CONTRA
397 3179 468 3240 1100,
493 3179 576 3229 QUOD
601 3179 715 3222 DICUNT
739 3179 894 3220 camanum
917 3177 977 3220 NON
992 3178 1052 3220 PRO
1069 3177 1204 3220 OMNIBUS
1225 3176 1393 3220 troandum.

295 3297 466 3361 Dominum
489 3302 631 3363 nostrum
654 3298 760 3361 Iesum
777 3297 937 3362 Christum
957 3297 1046 3362 aiunt
1065 3296 1238 3360 humanam
1262 3313 1395 3360 carnem

200 3426 226 3467 rs
252 3419 315 3466 non
337 3419 392 3484 pro
415 3403 554 3466 omnium
577 3403 678 3468 salute
701 3402 872 3484 sumpsisse
899 3419 956 3466 nec
982 3419 1038 3484 pro
1060 3400 1204 3465 omnibus
1228 3403 1395 3465 mortuum

253 3525 331 3570 esse.
361 3504 420 3570 hoo
440 3505 626 3570 omnimodis
648 3506 803 3571 catholiea
824 3506 996 3570 detestatur
1020 3505 1158 3570 ecclesia.
1196 3522 1273 3569 nam
1297 3506 1327 3570 si
1351 3507 1396 3570 ita

253 3612 346 3690 esset,
377 3609 529 3692 quomodo
561 3610 719 3692 apostolus
750 3609 883 3674 diceret:
918 3610 1017 3675 sicut
1049 3610 1085 3674 in
1114 3609 1231 3674 Adam
1263 3625 1395 3674 omnes

356 3772 564 3842 quomrum.
612 3773 838 3843 rqnomrner.
885 3773 1109 3843 rqaomnaae.
1154 3771 1396 3842 cursuram.

294 3921 310 3976 2
332 3921 446 3977 lucrm
467 3921 576 3990 signum
593 3927 658 3990 port
680 3921 827 3976 resoluente
845 3923 938 3992 posui,
968 3939 1110 3978 summm
1132 3919 1181 3974 XV
1203 3927 1228 3976 ct
1250 3923 1340 3978 uerba
1365 3921 1398 3977 de

252 4007 560 4076 ruina-persuasionem
583 4007 682 4062 addim
703 4025 736 4063 ec
756 4009 939 4078 capitulorum
960 4009 1056 4076 ardice,
1079 4011 1114 4078 os.
1133 4024 1202 4078 quoe
1224 4013 1347 4080 aporos·
1368 4013 1399 4066 iu

252 4095 321 4151 libro
334 4093 459 4151 ‘amon
476 4095 542 4150 dher
559 4095 603 4149 die
616 4095 754 4164 Schriften
771 4095 817 4151 dee
829 4096 971 4164 Bioehofes
988 4113 1040 4152 eon
1055 4095 1119 4151 Reii
1133 4095 1265 4166 Faustus,
1279 4114 1353 4170 pap.
1365 4097 1400 4166 9’,·

251 4181 391 4251 patiuntur
408 4188 471 4237 ante
488 4181 597 4250 ignauia
614 4182 706 4236 oddo
758 4184 774 4237 6
793 4199 863 4251 quur
880 4183 908 4237 P
959 4183 1101 4250 autiquae
1120 4183 1147 4236 P
1201 4184 1233 4238 12
1252 4199 1400 4255 conpraed-

252 4269 288 4322 eit
305 4269 333 4323 P
394 4268 488 4338 inquid
505 4269 533 4324 P
596 4271 628 4324 16
646 4268 750 4336 itaquae
768 4270 796 4324 P
860 4273 891 4325 17
910 4269 1060 4324 incertusu
1117 4271 1148 4324 21
1169 4267 1402 4338 relinquaeretP

252 4358 286 4412 25
305 4356 429 4410 sumsisse
447 4359 476 4412 P
