2920 4928
526 433 764 502 Prolcgomena.
1147 435 1211 490 xix

89 605 261 673 Solesmensi
289 609 405 693 paratis
433 609 575 692 (Parisiis
599 613 630 674 81
653 611 771 674 Romae
800 609 897 692 1888)
925 631 954 693 p.
978 609 1147 674 147-158
1175 631 1210 675 ex

88 713 177 776 codice
200 715 335 796 quodam
360 713 567 779 bibliothecae
590 714 814 780 Namurcensis
838 715 963 779 urbicae
987 719 1018 780 et
1032 715 1211 799 Augustino

89 815 154 881 18188
180 819 332 902 ascripsit,
361 837 423 883 non
450 823 559 884 contra
582 819 773 900 Donatistae,
802 821 857 884 sed
885 823 993 884 contra
1019 820 1152 885 Arianos
1180 823 1210 884 et

87 917 314 987 Macedoniauos
337 924 489 1006 scriptum
512 943 581 987 esse
604 924 777 988 rectissime
806 924 931 1005 quidem
954 925 1105 1006 exposuit,
1132 924 1212 989 falso

87 1029 179 1090 autem
201 1027 285 1091 huuc
308 1045 376 1091 esse
393 1027 501 1092 Fausti
522 1028 666 1092 libellum
690 1027 884 1093 aGennadio
905 1027 1115 1112 significatum
1138 1046 1211 1093 oon·

88 1127 153 1193 iecit.
191 1149 383 1213 quamquam
406 1132 490 1195 euim
512 1133 584 1215 plus
607 1133 706 1196 semel
728 1133 760 1197 in
783 1132 862 1197 libro
886 1133 939 1197 illo
962 1133 1211 1198 testimoniorum

87 1231 135 1296 loci
156 1235 315 1301 Faustiani
339 1237 377 1300 ad
400 1237 533 1310 uerbum
557 1239 702 1320 exscripti
724 1238 933 1322 reperiuntur,
957 1241 1149 1302 tamennon
1172 1237 1211 1302 ab

86 1335 142 1417 ipso
163 1339 276 1405 Fausto
300 1341 457 1424 profectus
482 1346 540 1422 est,
571 1343 626 1406 sed
649 1359 667 1406 a
690 1342 839 1424 discipulo
863 1341 998 1424 quodam
1025 1345 1080 1406 881
1102 1341 1212 1406 Fausti

87 1444 244 1509 autetiam
267 1445 448 1528 posterioris
472 1447 583 1510 aetatis
607 1447 781 1517 doctrinam
802 1445 939 1530 episcopi
954 1446 1097 1511 Reiensis
1118 1465 1213 1528 quae-

86 1546 225 1613 stionibus
249 1552 280 1613 et
303 1551 559 1633 responsionibus
582 1545 828 1634 complectentia,
860 1555 895 1615 ut
922 1551 954 1614 in
978 1549 1212 1633 quaestionibus

86 1649 188 1717 criticis
211 1654 303 1719 modo
327 1655 432 1718 allatis
454 1674 485 1738 p.
503 1653 567 1717 294
583 1673 650 1737 sqq.
675 1655 877 1720 ostendimus

122 1753 231 1836 Quarto
246 1757 314 1823 loco
329 1757 510 1824 Gennadius
526 1759 635 1824 laudat
653 1759 826 1824 libellum
846 1760 1027 1824 aduersus
1052 1777 1128 1841 888,
1151 1760 1212 1842 881

86 1856 203 1926 818881
233 1881 316 1927 8888
346 1864 384 1926 18
414 1864 600 1927 creaturis
631 1864 773 1946 aliquid
806 1865 1080 1946 incorporeum,
1114 1864 1212 1947 signi·

85 1959 170 2028 ficana
193 1968 361 2050 epistulam
382 1967 491 2033 Fausti
514 1973 640 2033 nostrae
664 1969 807 2033 editionis
831 1969 955 2032 tertiam
979 1967 1022 2050 (p.
1042 1965 1103 2030 168
1120 1967 1211 2051 888).

85 2084 149 2132 nam
163 2070 199 2134 de
215 2071 371 2137 Mamerto
388 2071 569 2154 Claudiano,
593 2092 687 2156 quem
707 2074 788 2137 hanc
811 2073 977 2156 epistulam
1000 2071 1101 2136 tribus
1124 2071 1211 2137 libris

84 2170 115 2234 de
136 2177 215 2240 81818
239 2177 362 2240 animae
385 2177 588 2260 impugnasse
612 2180 746 2258 constat,
775 2196 871 2261 agens
899 2176 951 2261 (da
978 2173 1212 2260 8181118841

83 2273 162 2340 deit:
184 2280 362 2365 composuit
386 2289 450 2343 trco
466 2279 610 2344 8881818
626 2329 634 2343 .
651 2331 658 2344 .
676 2281 806 2344 8818888
823 2279 934 2358 libros,
957 2280 993 2342 18
1009 2278 1127 2364 quibas
1144 2280 1213 2366 opit

84 2377 291 2462 relectionem,
307 2394 467 2470 88818888
482 2385 629 2448 88188881
645 2384 805 2469 8118818
820 2385 1091 2470 incorporeum
1102 2405 1212 2470 prce·

83 2485 274 2570 18888888,
298 2490 411 2572 quibus
431 2491 536 2555 uerbis
557 2491 704 2555 extremis
727 2491 949 2574 intellegimus,
973 2508 1079 2572 quare,
1103 2507 1212 2571 quam-

82 2607 167 2668 quam
195 2594 332 2677 epistula
358 2595 466 2659 Fausti
494 2599 558 2659 tres
589 2599 762 2660 tractantur
793 2594 1001 2676 quaestiones
1031 2593 1211 2660 Gennadius

82 2695 290 2763 tantummodo
313 2699 424 2763 dixerit
449 2701 498 2783 agi
522 2703 630 2764 contra
658 2717 721 2780 888,
752 2689 806 2780 881
830 2699 935 2763 dicant
966 2717 1034 2763 asse
1064 2699 1095 2761 in
1126 2715 1212 2762 crea·

82 2799 153 2863 turis
180 2803 295 2885 aliquid
318 2803 545 2886 incorporeum,
577 2804 696 2867 scilicet
723 2805 758 2866 ut
788 2803 926 2866 breuiter
957 2801 1109 2866 indicaret
1131 2803 1212 2866 hauc

81 2904 241 2984 epistulam
258 2907 423 2972 cohaerere
439 2908 573 2990 quodam
591 2907 682 2972 modo
706 2926 778 2971 cunr
795 2907 957 2972 Claudiani
978 2907 1136 2990 opusculo.
1172 2907 1211 2971 ad

81 3023 167 3086 quem
201 3011 368 3094 epistulam
399 3012 518 3076 dederit
548 3011 693 3092 Faustus¹
729 3011 896 3091 nescimus,
929 3029 1001 3074 curn
1034 3011 1101 3076 sola
1130 3011 1211 3075 inter

80 3126 180 3178 omnes
203 3115 270 3179 eius
294 3117 444 3199 epistulas
468 3116 710 3199 praescriptione
734 3115 896 3198 epistulari
919 3117 1033 3179 careat.
1077 3115 1212 3198 appellat

80 3217 178 3282 tamen
211 3219 302 3284 illum
337 3218 599 3282 reuerentissime
629 3217 832 3282 sacerdotum
861 3219 904 3303 (p.
932 3217 1003 3298 168,
1024 3217 1058 3302 5)
1095 3219 1212 3284 888888

79 3317 120 3380 88
135 3331 348 3407 pracceptum
370 3321 586 3386 888111881818
603 3331 731 3386 8881888
749 3321 862 3406 188888
877 3321 920 3405 (p.
941 3321 1012 3403 168,
1032 3321 1094 3408 14),
1118 3341 1212 3406 qnam

78 3421 112 3486 ob
139 3445 205 3490 rem
229 3427 382 3492 Faustum
414 3428 453 3492 ad
485 3429 666 3512 episcopum
697 3427 852 3510 quendam
881 3428 1041 3509 scripsisse
1069 3427 1212 3492 conicias.

116 3527 175 3594 Sed
198 3531 307 3596 Fausti
330 3551 452 3614 quoque
476 3533 644 3616 epistulam
668 3532 771 3596 888118
801 3550 990 3614 anonymam
1021 3549 1136 3596 nomen
1158 3552 1214 3615 per

78 3635 226 3712 quoddam
257 3639 382 3719 tempus
417 3637 561 3720 ignotum
597 3640 677 3716 erat,
713 3654 786 3700 nam
817 3636 991 3700 Mamertus
1023 3635 1214 3700 Claudianus

77 3743 176 3819 aperte
199 3759 232 3805 se
252 3759 368 3806 nomen
383 3741 542 3824 scriptoris
558 3743 700 3824 ignorare
715 3740 879 3824 profitetur
895 3738 937 3823 (p.
955 3737 1007 3821 24,
1026 3739 1066 3804 16
1089 3743 1213 3806 8881888

77 3839 229 3908 editionis:
248 3853 423 3928 percontor
446 3843 484 3908 88
506 3844 649 3907 8888188.-
671 3865 727 3908 nec
746 3864 897 3928 responso
921 3865 978 3906 888
999 3843 1123 3929 scripto
1147 3853 1213 3906 trc-

76 3943 166 4008 81188
188 3953 220 4012 81
241 3969 270 4032 p.
288 3947 340 4031 26,
360 3949 374 4012 l
393 3948 475 4032 sqq).
509 3951 571 4014 iam
594 3969 666 4014 oum
690 3953 813 4014 constet
835 3949 1001 4031 epistulam
1018 3949 1127 4014 Fausti
1142 3951 1213 4012 ante

76 4047 164 4116 libros
189 4053 227 4116 de
247 4057 332 4118 statu
352 4055 476 4118 animae
493 4053 699 4118 8618881888
723 4054 820 4118 editos
844 4053 993 4137 scriptam
1017 4073 1096 4134 esse,
1120 4071 1215 4134 quae-

76 4155 159 4236 ritur,
183 4175 245 4238 888
268 4175 351 4223 anuo
366 4157 557 4222 6188818888
580 4177 657 4241 opus
674 4176 766 4222 suum
784 4157 922 4223 ediderit.
963 4163 1057 4240 atque
1077 4159 1108 4222 18
1125 4175 1214 4242 prae·

76 4257 187 4326 latione
199 4261 295 4326 libros
308 4261 498 4328 Claudianus
510 4261 636 4328 Sidonio
644 4262 820 4346 Apollinari
833 4263 980 4328 dedicans
993 4282 1064 4326 eum
1078 4263 1216 4346 appellat

76 4365 313 4443 praefectorium
329 4367 495 4450 pellicium
513 4367 555 4450 (p.
576 4365 626 4448 18,
642 4365 735 4450 211),
759 4385 853 4450 quam
870 4367 1056 4452 dignitatem
1072 4365 1215 4432 Sidonius

1019 4469 1058 4520 ,a
