2920 4930
430 381 433 393 ’
539 415 636 469 riser
653 415 683 469 11
702 419 741 472 ιο.
1170 417 1209 480 au

88 595 112 652 et
131 592 308 656 caelestium
331 593 532 658 conditorem.
563 611 637 658 uam
661 593 736 657 dum
758 594 851 658 homo
875 594 1038 659 colendum
1062 613 1130 658 esse
1153 595 1211 658 ali-

88 696 147 775 quid
168 697 289 779 probat,
313 698 379 780 ipse
402 698 581 762 intellectus
604 699 724 762 colendi
740 698 858 762 crimen
874 699 1041 764 conditoris
1062 699 1207 762 ostendit.

87 801 223 880 quomodo
254 803 338 866 euim
368 803 526 887 religionis
556 803 667 868 habuit
701 805 850 868 sensum?
887 803 1059 868 inuenisset
1088 803 1206 884 absque

86 904 166 970 dubio
188 907 292 987 deum,
320 907 345 970 si
368 907 541 990 inquirendi
565 908 718 990 adponere
742 907 894 972 uoluisset
916 906 1063 972 affectum
1086 908 1208 971 dicente

86 1009 208 1076 dominc:
243 1013 414 1095 quaerite
438 1017 473 1076 et
495 1013 711 1077 inuenietis
750 1013 930 1077 cumcuim
954 1031 1043 1076 meus
1071 1013 1210 1076 humana
1249 1037 1261 1076 a

85 1117 117 1179 ad
136 1117 302 1182 uidendum
325 1119 430 1182 oculos
454 1118 620 1201 aperuerit,
650 1119 761 1182 statim
791 1137 824 1181 se
855 1116 1044 1181 desideranti
1067 1117 1210 1198 quaesita

84 1219 126 1284 lur
146 1223 267 1307 ingerit.
291 1223 421 1304 ideoque
443 1224 492 1286 lex
514 1223 599 1286 intus
622 1224 738 1286 inserta
760 1222 864 1287 docuit
886 1222 1130 1302 uenerationem,
1154 1221 1209 1286 sed

84 1325 268 1410 neglegentia
298 1331 330 1391 et
351 1328 547 1391 coutumacia
569 1327 711 1390 inuenire
735 1345 796 1390 non
820 1326 934 1390 meruit
962 1326 1138 1390 ueritatem.
1177 1329 1210 1390 ct

83 1435 232 1512 propterea
262 1431 337 1495 dum
368 1451 401 1494 se
429 1431 561 1495 mortuis
585 1431 760 1494 simulacris
784 1435 813 1494 et
840 1429 947 1513 figuris
976 1428 1208 1494 insensibilibus

84 1531 254 1616 figmentum
278 1537 412 1600 caeleste
434 1535 615 1618 prosternit,
639 1525 785 1598 iniuriam
809 1552 870 1598 uon
891 1535 993 1598 solum
1009 1535 1129 1614 factori,
1153 1533 1207 1598 sed
1236 1559 1262 1599 ιο

83 1645 107 1701 et
133 1639 162 1704 iu
192 1661 225 1704 se
257 1641 396 1706 facturae
427 1659 501 1704 suae
532 1639 638 1704 intulit
668 1644 699 1704 et
729 1639 945 1703 erubescendis
977 1642 1077 1702 semet
1104 1639 1207 1720 ipsum

82 1746 265 1810 contumeliis
295 1746 438 1828 propriae
472 1745 626 1808 inmemor
659 1744 877 1828 generositatis
912 1743 1015 1808 affecit
1049 1745 1141 1824 atque
1172 1761 1207 1807 ex

82 1865 169 1913 errore
191 1851 260 1932 ipsc
279 1867 412 1932 poenam
427 1849 545 1932 recepit
560 1849 682 1928 erroris
706 1849 788 1912 sicut
802 1849 846 1912 ait
862 1847 1035 1930 apostolus:
1059 1851 1096 1911 et
1117 1865 1208 1912 mer-

81 1953 207 2034 cedem,
231 1971 339 2036 quam
359 1953 538 2036 oportuit,
560 1953 696 2016 erroris
717 1953 774 2016 sui
794 1953 830 2016 in
853 1952 1093 2034 semetipsos
1116 1951 1208 2015 reoi-

80 2055 221 2136 pientes.
261 2061 299 2123 et
321 2059 418 2122 sicut
437 2075 511 2122 non
534 2055 790 2141 probauerunt
809 2055 916 2120 deum
935 2055 1071 2120 habere
1091 2056 1128 2118 in
1148 2073 1207 2119 no·
1235 2081 1259 2120 rs

80 2161 166 2244 titia,
208 2161 367 2228 tradidit
406 2181 466 2227 eos
504 2163 593 2226 deus
633 2163 669 2226 iu
707 2161 902 2244 reprobum
941 2178 1101 2224 sensum.
1155 2158 1206 2224 hic

79 2264 191 2332 rebellis
221 2287 333 2332 sensus
367 2271 477 2350 sponte
510 2269 672 2348 corruptus
707 2283 769 2330 uon
803 2265 956 2330 uiolenter
990 2264 1113 2330 ablatus
1148 2265 1204 2328 est.

79 2369 176 2451 sicut,
204 2373 315 2454 iuquit,
344 2390 414 2436 uon
438 2371 692 2455 probauerunt
714 2371 819 2434 deum
843 2369 979 2435 habere
1000 2369 1036 2433 in
1056 2368 1206 2448 notitia,

79 2475 222 2540 tradidit
252 2495 313 2542 cos
343 2477 432 2540 deus
463 2477 499 2540 iu
526 2474 723 2557 reprobum
752 2493 911 2538 sensum.
950 2475 1002 2556 qui
1024 2492 1079 2556 pro
1103 2473 1206 2537 causis

78 2581 324 2658 praecedentibus
355 2581 588 2662 derelinquitur,
619 2597 681 2644 uon
711 2579 777 2644 feto
807 2579 974 2661 premitur,
1008 2578 1063 2642 sed
1093 2577 1205 2642 iudicio
1232 2603 1259 2641 m

79 2684 259 2764 reprobatur.

115 2787 194 2868 Quod
225 2790 251 2853 si
282 2791 431 2872 requiras,
461 2790 544 2855 unde
575 2789 705 2853 indoctis
729 2787 907 2853 nationibus
930 2788 963 2852 iu
991 2787 1046 2852 illa
1068 2787 1206 2870 ingenita

79 2891 186 2957 feritate
208 2898 384 2978 peccatum,
408 2894 490 2958 uude
514 2893 573 2958 nisi
595 2912 651 2976 per
674 2894 771 2956 animi
795 2896 915 2956 motum
936 2892 1112 2973 mentisque
1133 2909 1206 2954 eou-

78 3002 213 3064 seusnm?
237 2999 368 3081 deniqne
391 2999 525 3081 pecudes
549 3001 580 3060 et
602 2997 696 3061 bruta
718 2998 890 3061 animantia
912 3015 931 3061 a
953 3001 1080 3080 peccato
1104 2996 1205 3059 omni·

79 3101 164 3167 modis
194 3103 293 3168 bbere
323 3107 406 3183 sunt,
437 3103 509 3185 quia
539 3102 733 3166 discretionis
764 3102 870 3166 nescia
892 3105 925 3166 et
946 3101 1072 3166 rationis
1096 3101 1204 3184 ignara
1231 3127 1257 3165 aa

78 3211 149 3270 sunt.
181 3213 215 3272 tu
239 3208 424 3274 deteriorem
447 3207 565 3291 pecude
589 3206 748 3270 homiuem
769 3207 855 3270 facis.
891 3225 946 3270 cur
966 3206 1050 3270 enim
1067 3206 1093 3270 ei
1109 3205 1205 3270 reliu-

78 3312 136 3388 quis
155 3317 331 3395 peccatum,
361 3313 410 3376 cui
434 3313 517 3377 tollis
541 3312 726 3377 arbitrium?
765 3314 820 3375 aut
850 3310 876 3375 si
907 3329 978 3374 eum
1002 3309 1109 3374 subdis
1132 3329 1204 3392 pec-

77 3421 144 3496 eato,
172 3417 234 3482 noli
265 3417 389 3499 priuare
420 3417 540 3481 iudicio.
578 3436 640 3482 non
671 3433 743 3498 crgo
772 3415 939 3479 mentiatur
962 3413 1110 3496 iniquitas
1134 3413 1202 3478 sibi.

78 3520 162 3602 nouit,
188 3521 263 3604 quid
285 3522 318 3586 in
342 3521 462 3586 occulto
484 3521 604 3586 bomini
627 3520 747 3584 dederit
769 3519 908 3603 cognitor
931 3519 1131 3584 occultorum.
1171 3521 1204 3582 et

77 3621 135 3688 idco
155 3625 278 3708 quando
302 3625 341 3690 ab
366 3643 402 3690 eo
425 3626 555 3708 quisque
578 3643 634 3708 pro
657 3625 739 3690 mab
763 3641 854 3708 opere
877 3623 1040 3707 corripitur
1071 3627 1103 3688 et
1130 3641 1203 3686 con·
1229 3647 1255 3686 ao

166 3807 193 3876 5]
211 3805 309 3861 Matth.
323 3809 347 3870 7,
361 3808 384 3861 7.
440 3805 484 3876 13]
503 3805 579 3860 Rom.
594 3807 617 3871 1,
630 3807 671 3861 27.

116 3969 240 4039 tuliquid
260 3971 287 4026 P
304 3973 345 4026 bis
397 3973 541 4026 aseneum
558 3989 575 4026 o
627 3969 741 4037 absquae
760 3971 787 4024 P
838 3969 1006 4038 5quaeritae
1023 3970 1051 4023 P
1103 3971 1202 4023 laam

79 4051 166 4120 ingeret
181 4059 374 4116 somenam?
432 4057 566 4114 incertae
622 4056 821 4124 enegligenua
839 4058 867 4111 P
923 4060 953 4112 ll
978 4055 1158 4110 crubisoendis
1177 4056 1204 4109 P

81 4141 107 4194 12
117 4143 251 4214 adquaeP
298 4147 329 4201 14
342 4149 426 4198 semet
439 4145 531 4214 ipsisc
579 4147 610 4200 15
624 4144 776 4200 notitiamv
824 4145 990 4201 ignotitiam
1005 4145 1032 4198 P
1077 4145 1111 4198 20
1128 4159 1201 4246 prac-

79 4253 191 4312 miturP
245 4261 281 4315 22
299 4257 409 4328 ligenita
427 4259 454 4314 P
504 4260 539 4314 23
557 4257 721 4326 mentisquac
740 4258 767 4311 P
817 4261 852 4312 26
874 4257 929 4310 siut
946 4257 974 4311 P
1025 4255 1156 4324 relinquqs
1177 4257 1205 4310 P

78 4366 108 4418 28
124 4367 210 4424 iuditio
228 4373 255 4427 P
306 4373 339 4428 29
358 4338 446 4426 ebutio
464 4373 493 4426 P
543 4369 692 4425 ocultorum
713 4371 740 4424 P
791 4373 825 4426 30
843 4369 969 4438 quinquae
987 4369 1015 4424 P
