2944 4936
223 425 286 490 428
726 426 854 480 Ruricii
896 374 899 380 1

224 604 256 664 et
285 619 341 664 nos
368 602 533 684 peregrine
554 601 808 665 transmittimus,
854 601 970 682 itaque,
1001 599 1074 682 quia
1103 617 1159 663 nos
1187 617 1207 662 a
1234 599 1371 663 marinis

223 705 410 768 caelestibus
441 705 562 768 exulare
593 707 624 768 et
654 705 729 768 solis
758 704 890 768 terrenis
921 703 1046 768 sedibus
1077 701 1226 767 incubare
1248 719 1372 786 cogno-

223 809 349 889 scimus
373 827 392 872 a
414 809 503 873 uobis
527 809 691 892 specialius
715 809 920 892 postulamus,
951 811 987 872 ut
1008 807 1085 872 baec
1108 807 1209 872 aliena
1230 825 1250 870 a
1273 805 1370 870 nobis
1470 831 1471 836 ¹

221 913 356 976 libenter
386 913 524 996 accipere
555 915 586 976 et
617 915 725 978 uestra
746 911 836 977 nobis
859 911 1028 995 dignemini
1052 913 1231 994 frequenter
1252 912 1370 993 inpen-

182 1045 196 1084 s
223 1018 304 1081 dere.
339 1017 416 1080 illud
440 1017 482 1080 sit
504 1015 686 1097 affectionis,
709 1016 768 1080 hoe
790 1015 965 1096 ministerii,
991 1015 1068 1080 illud
1091 1015 1249 1080 doctrinae
1273 1033 1369 1098 prae·
1470 1087 1471 1090 Ἴ

222 1124 331 1201 stetur,
354 1120 413 1184 boc
435 1121 565 1204 gratiae.

714 1239 872 1305 XXXXV.

442 1401 485 1444 AD
508 1401 641 1444 DOHNUM
663 1401 825 1444 HISPANUH
847 1400 967 1443 BURIOH
989 1397 1139 1443 uersuum.

263 1533 333 1619 Ago
352 1536 480 1619 gratias,
504 1535 595 1618 quod,
619 1535 694 1599 dum
709 1535 798 1600 nobis
814 1535 1009 1600 Doranoniae
1025 1535 1123 1616 spolia
1137 1534 1368 1613 transmittitis,

171 1671 195 1709 n
221 1640 370 1721 pietatem
393 1643 531 1703 uestram
555 1657 629 1722 erga
651 1659 702 1703 me
726 1639 970 1703 sincerissimam
993 1637 1201 1721 conprobatis,
1224 1655 1288 1719 qua
1302 1657 1368 1702 nos

221 1743 356 1827 amplius
379 1761 473 1825 quam
497 1743 615 1806 deliciis
639 1743 841 1823 delectamur,
864 1742 1019 1825 siquidem
1041 1742 1113 1806 inde
1133 1741 1265 1805 esuriem
1292 1760 1369 1806 cor·
1470 1755 1471 1768 ¹

219 1847 302 1929 poris
326 1847 551 1928 conpescimus,
575 1847 648 1910 hinc
671 1847 781 1928 cordis,
804 1846 877 1912 inde
900 1847 1001 1910 uentri
1024 1845 1237 1910 transitorium
1259 1847 1369 1928 porri-

219 1951 323 2033 gimus
338 1953 474 2033 pastum,
497 1950 569 2015 hinc
584 1969 658 2015 uero
674 1950 778 2014 animo
795 1969 979 2015 mansurum
995 1947 1182 2034 praebemus
1198 1947 1367 2014 affectum.

219 2055 347 2136 proinde
377 2057 442 2118 tam
474 2055 572 2118 amori
603 2072 698 2136 quarn
728 2054 851 2119 muneri
882 2059 987 2118 uestro
1014 2054 1131 2138 gratias
1153 2057 1367 2136 repensantes

169 2191 192 2228 15
218 2159 383 2240 reciprocis
407 2159 555 2243 pietatem
578 2162 718 2223 uestram
740 2159 910 2242 plurimum
933 2159 1132 2241 sospitamus.
1171 2159 1298 2239 etquis
1323 2159 1366 2222 de

219 2265 326 2326 nostra
349 2263 487 2346 dignaris
511 2281 579 2326 esse
603 2263 703 2327 salute
721 2263 881 2343 sollicitus,
905 2263 990 2327 iuxta
1005 2265 1079 2326 uota
1093 2261 1217 2346 pietatis
1233 2266 1366 2327 uestrae
1470 2259 1471 2340 ζ

219 2385 269 2429 me
293 2367 397 2430 ualere
420 2365 559 2450 significo
583 2367 739 2448 simulque
762 2367 905 2450 deposco,
928 2367 981 2431 ubi
996 2369 1142 2430 sanctum
1157 2366 1274 2448 paseha
1293 2366 1366 2431 iac-
1470 2361 1471 2368 '

219 2469 280 2532 turi
303 2470 382 2550 sitis,
407 2489 457 2534 me
479 2471 710 2535 recurrentibus
734 2470 908 2534 instruatis.

698 2695 873 2760 XXXXVI.

165 2863 191 2904 ιο
398 2855 517 2898 Rumon
540 2855 680 2898 EPISOOPI
703 2857 746 2897 AD
770 2855 997 2898 PRESBYTERUH
1020 2856 1168 2898 auulsum,

260 2989 322 3054 Ubi
353 2991 391 3054 ad
423 3010 473 3054 me
495 2991 670 3055 communis
694 2993 796 3055 luctus
820 2991 922 3056 nuntii
943 3010 1067 3056 rumore
1089 2991 1243 3074 peruenit,
1275 2996 1363 3074 quod
1470 2991 1471 3004 ¹

217 3099 322 3158 tamen
347 3096 477 3159 miratus
494 3114 574 3176 sum,
598 3095 680 3178 quod
697 3114 758 3161 non
775 3097 833 3161 hoc
848 3099 933 3179 prius
950 3115 985 3160 ex
1000 3096 1216 3180 germanitatis
1232 3101 1363 3162 uestrae
1470 3083 1471 3120 ³

216 3199 365 3262 relatione
390 3200 532 3282 cognoui,
563 3201 629 3282 ipse
652 3200 691 3264 ad
714 3218 770 3263 uos
793 3201 995 3283 requirendos
1018 3201 1164 3266 continuo
1187 3201 1362 3284 uenissem,
1470 3219 1471 3270 1

217 3302 276 3365 nisi
307 3321 358 3367 rna
381 3303 502 3366 dierum
525 3302 637 3368 horum
661 3305 837 3369 reuerentia
858 3305 1058 3370 retardasset.
1102 3305 1160 3370 has
1183 3307 1360 3388 transmisi,
1470 3367 1471 3376 ,

164 3436 189 3474 se
218 3407 329 3488 quibus
361 3426 461 3491 spero,
491 3411 527 3472 ut
556 3427 606 3472 me
638 3413 819 3473 excusatum
848 3408 964 3474 habere
994 3409 1164 3494 dignemini
1195 3414 1228 3474 et
1258 3410 1370 3476 filiam.
1470 3449 1471 3456 κ

216 3515 367 3592 nostram,
391 3529 486 3593 quam
510 3512 599 3577 audio
623 3532 656 3577 se
679 3513 881 3578 uehementer
904 3514 1051 3598 affligere,
1075 3513 1114 3578 ad
1133 3515 1235 3578 uicem
1252 3533 1357 3579 meam

215 3619 280 3679 tam
312 3633 347 3678 en
375 3617 494 3680 ratione
518 3635 613 3698 quam
636 3637 672 3680 ex
694 3621 801 3682 uestra
823 3619 1006 3682 auctoritate
1029 3619 1242 3700 consolemini,
1273 3621 1357 3701 quod

216 3720 360 3784 domiuus
376 3723 481 3784 noster
497 3721 535 3784 de
551 3739 641 3786 seruo
657 3739 713 3786 suo
736 3726 776 3802 et,
800 3723 921 3804 quando
945 3722 1054 3802 uoluit,
1078 3726 1119 3803 et,
1142 3723 1357 3805 quodannis,

260 3843 272 3895 l
293 3855 340 3892 nos
358 3859 381 3907 o,
405 3855 452 3893 uos
471 3841 500 3907 S,
519 3838 594 3894 uobis
612 3841 789 3910 Luetjobome
858 3842 963 3896 mannis
981 3843 1044 3912 Kr.,
1061 3841 1161 3896 mensis
1179 3843 1357 3912 metiebamur

214 3925 430 3994 idigniminiS
481 3927 642 3996 5coquinae
655 3930 724 3984 coni.
739 3930 923 3985 Mommscncs
975 3929 1120 3999 precabitur
1133 3930 1163 3996 S,
1175 3933 1358 3999 praestatura

215 4013 361 4069 SruriciS
412 4013 619 4068 bdorenouiee
635 4015 664 4083 S,
683 4015 874 4080 doranomine‚
894 4033 956 4072 rso
1010 4015 1189 4073 11dilieiiss
1242 4019 1273 4072 12
1293 4033 1358 4072 cou-
1470 4083 1471 4088 ἵ

215 4100 347 4168 pessimus
364 4101 472 4170 scripsi,
491 4103 722 4169 conpesoemusS
789 4104 879 4156 uentri
902 4121 925 4171 c,
949 4103 1078 4160 uestriS
1147 4103 1361 4173 porregimusS
1470 4097 1471 4100 ¹

217 4189 248 4241 14
258 4187 423 4254 repensantis
437 4187 466 4256 S,
479 4185 612 4255 obsequiis
623 4191 713 4258 suppl.
724 4191 900 4260 Luetjobarm
908 4191 967 4246 coil.
978 4207 1017 4259 ep.
1027 4190 1105 4246 1150
1160 4194 1191 4247 18
1204 4191 1358 4262 instruatis]

215 4271 276 4325 finit
293 4273 357 4327 add.
372 4275 395 4328 S
446 4276 479 4328 20
498 4273 622 4331 ruriciS
673 4277 705 4330 21
726 4275 853 4333 nantiiS
909 4277 944 4332 23
962 4275 1104 4332 lotiones
1160 4279 1195 4332 26
1212 4295 1278 4332 num
1296 4293 1359 4332 mea

214 4359 406 4416 omittendum?
