2954 4930
536 423 600 478 1111.
621 425 730 478 Sermo
748 428 789 480 31.
1170 426 1232 491 347

95 597 229 664 dicimus
251 601 373 682 patrem
397 602 427 664 et
449 597 551 665 filium
574 604 605 666 ct
627 601 772 685 spintum
795 605 950 683 sanctum,
973 595 1013 666 u'e
1035 605 1066 667 te
1087 602 1234 668 aestimes

95 721 193 768 unam
224 703 349 768 credere
380 703 492 770 debere
521 723 698 789 personam.
743 707 821 770 item
851 705 984 772 dicimus
1010 725 1108 772 unum
1132 707 1235 788 deum,

96 828 136 874 uc
159 812 251 892 putes
275 813 338 874 tres
362 828 431 874 esse
453 813 591 875 naturas.
637 812 670 875 in
692 810 741 875 his
765 810 870 892 itaque
892 810 992 875 tribus
1015 811 1155 894 personis
1179 829 1236 875 nu·

96 932 203 978 merus
220 931 288 978 esse
303 917 418 998 potest,
441 913 514 978 ordo
531 932 600 979 esse
616 932 678 980 uon
693 918 805 998 potest.
841 933 915 980 nam
931 916 990 980 etsi
1005 915 1235 980 distinctionem

96 1019 211 1101 recipit
240 1018 376 1100 trinitas,
406 1019 538 1104 gradum
567 1023 673 1084 tamen
696 1019 797 1084 nescit
819 1021 1001 1103 aequalitas.
1045 1022 1078 1086 in
1100 1021 1237 1087 trinitate
1277 1049 1290 1088 a

97 1123 184 1188 enim
207 1143 270 1189 non
297 1127 345 1188 est
375 1128 429 1190 aut
459 1125 564 1189 minus
595 1124 712 1207 aliquid
742 1128 798 1190 aut
827 1127 939 1206 maius,
970 1126 1053 1210 quia,
1077 1125 1158 1191 siin
1182 1125 1237 1192 deo

97 1228 218 1311 aliquid
233 1229 336 1293 minus
353 1228 476 1310 dicitur,
496 1229 679 1312 imperfecta
694 1229 841 1295 diuinitas
857 1235 1031 1308 accusatur,
1054 1230 1098 1296 ita
1120 1233 1238 1311 tamen,

97 1333 192 1416 quod,
222 1333 274 1415 qui
303 1333 336 1397 in
367 1331 481 1398 deitate
511 1333 665 1399 minorem
695 1339 784 1418 patre
815 1339 869 1400 aut
899 1334 962 1400 filio
990 1335 1065 1400 dicit
1095 1335 1239 1418 spiritum

97 1441 255 1519 sanetum,
285 1457 348 1504 nen
370 1438 416 1503 illi
439 1442 562 1504 tautum
586 1439 732 1504 iniuriam
755 1439 839 1520 lacit,
869 1457 962 1526 quern
985 1440 1138 1504 minorem
1161 1439 1240 1503 iudi-

97 1547 161 1625 cat,
185 1543 239 1608 sed
261 1543 306 1608 illi
322 1543 427 1624 etiam,
451 1561 545 1626 quem
562 1543 711 1608 maiorem
725 1548 826 1627 putat,
850 1545 931 1627 quia,
954 1562 1025 1608 cum
1041 1545 1137 1610 totius
1153 1545 1240 1609 trini·
1268 1570 1292 1610 ιο

97 1648 173 1714 tatis
197 1665 261 1712 uua
280 1648 453 1730 aequalitas
469 1649 511 1713 sit
526 1653 619 1732 utque
634 1649 794 1730 maiestas,
817 1648 962 1731 quicquid
979 1649 1186 1713 contumeliae
1207 1650 1240 1713 in

98 1775 269 1844 personam
291 1755 384 1820 unius
407 1755 528 1836 dicitur,
552 1773 570 1820 a
593 1759 659 1820 tota
681 1755 851 1838 aequaliter
874 1755 1012 1820 trinitate
1035 1753 1177 1820 sentitur.

142 1863 210 1930 Nos
240 1881 325 1944 uero,
357 1860 521 1941 carissimi,
553 1861 607 1941 qui
630 1861 783 1944 templum
807 1859 907 1924 sancti
931 1859 1060 1942 spiritus
1083 1877 1152 1922 esse
1175 1877 1241 1922 rne-

99 1969 235 2049 ruimus,
257 1967 426 2032 adiuuante
441 1966 509 2048 ipso
525 1966 636 2049 spiritu
652 1967 759 2030 saneto
774 1981 920 2048 paremus
937 1964 1075 2044 domum,
1098 1964 1131 2027 iu
1147 1980 1241 2046 quam

100 2076 193 2140 illurn
222 2073 340 2153 uenire,
369 2072 401 2136 in
431 2089 493 2154 qua
523 2071 656 2136 delectet
681 2069 832 2136 habitare.
877 2069 989 2134 inuitat
1010 2068 1120 2132 mnndi
1142 2067 1242 2132 cordis
1270 2091 1294 2132 n

101 2181 196 2260 nitor,
227 2178 371 2244 sollicitet
393 2177 483 2244 illum
505 2195 561 2260 par
583 2175 769 2242 rubentibus
792 2175 870 2240 rosis
894 2178 999 2240 castus
1021 2173 1129 2257 pudor,
1158 2171 1243 2236 solli-

101 2285 181 2350 citet
202 2281 408 2348 candentibus
430 2283 502 2348 liliis
526 2286 558 2347 et
580 2282 672 2348 odore
695 2280 805 2346 similis
828 2284 860 2345 et
882 2279 983 2344 colore
998 2277 1244 2342 incontaminata

101 2389 278 2474 uirginitas,
310 2387 461 2472 suscipiat
493 2387 584 2452 illum
614 2387 751 2471 benigna
780 2385 903 2466 caritas,
936 2382 1116 2448 humanitas
1146 2381 1244 2464 larga,

102 2493 248 2560 sublimis
271 2493 443 2574 humilitas,
467 2491 575 2556 hilaris
599 2489 820 2570 misericordia,
843 2507 923 2572 pura
938 2487 1131 2572 simplicitas.
1166 2485 1244 2550 nihil

101 2599 147 2664 ibi
170 2598 210 2662 de
231 2598 325 2682 prisci
347 2597 482 2662 hominis
505 2595 659 2678 sordibus,
686 2594 764 2660 nihil
788 2595 825 2658 de
848 2592 983 2676 lapsuris
1006 2589 1243 2656 infirmitatibus
1270 2617 1296 2657 ro

102 2707 252 2770 aeternus
274 2701 442 2784 habitator,
471 2701 663 2767 aeternitatis
686 2700 814 2784 largitor
835 2698 984 2763 inueniat.
1031 2697 1156 2762 recedat
1178 2699 1244 2760 tur·

102 2810 256 2896 pissimae
278 2809 449 2892 uoluptatis
472 2807 604 2888 luxuria,
630 2807 752 2891 pallens
775 2804 974 2884 conscientia,
1005 2801 1105 2866 tristis
1129 2805 1244 2881 metus,

104 2919 223 2980 nutans
247 2912 381 2980 ebrietas
405 2915 437 2977 et
458 2911 555 2977 libido
578 2912 663 2976 omni
686 2911 811 2975 horrore
834 2907 1011 2988 deformior,
1042 2909 1087 2987 ut,
1118 2923 1189 2970 oum
1212 2905 1244 2968 in

104 3023 199 3089 uobis
226 3023 287 3086 ista
315 3020 479 3098 defuerint,
509 3019 612 3082 locum
635 3015 805 3081 uirtutibus
828 3012 975 3098 praeuius
997 3010 1140 3094 puritatis
1164 3009 1245 3073 nitor

106 3128 252 3214 aperiens
279 3125 423 3209 spiritum
450 3126 594 3188 sanctum
621 3122 653 3186 in
677 3119 870 3185 domicilium
892 3119 1020 3202 paratae
1044 3113 1102 3179 sibi
1124 3113 1246 3178 habita-
1272 3137 1299 3179 os

105 3233 202 3300 nonis
231 3229 379 3296 includat.
426 3230 484 3293 hoc
515 3231 619 3292 autern
651 3226 719 3290 ideo
750 3222 977 3309 suggessimus,
1008 3218 1171 3300 carissimi,
1201 3221 1246 3300 ut,

105 3339 262 3422 qnantum
285 3352 462 3420 possumne,
480 3333 560 3398 totis
584 3331 701 3396 uiribus
725 3348 797 3394 cum
821 3329 870 3393 dei
891 3325 1042 3392 adiutorio
1057 3323 1247 3404 laboremus,

106 3464 148 3510 ne
171 3444 205 3508 in
228 3439 318 3506 uobis
342 3445 396 3504 aut
418 3437 550 3503 auaritia
571 3436 735 3520 displiceat
756 3438 812 3499 aut
833 3431 999 3498 infidelitas
1022 3431 1171 3514 langueat
1194 3431 1249 3492 aut

105 3547 204 3614 libido
227 3545 396 3624 sordescat,
420 3543 473 3608 sed
497 3541 654 3608 emendati
675 3539 802 3624 penitus
825 3555 862 3602 ac
880 3537 950 3620 puri
964 3534 1178 3600 habitaculum
1199 3532 1248 3596 dei

106 3651 192 3720 citici
223 3668 399 3715 mereamur
429 3653 461 3712 et
488 3647 614 3731 spiritus
638 3648 776 3725 sauctus,
806 3643 859 3726 qui
882 3640 1079 3706 descendisse
1101 3637 1193 3704 hodie
1215 3637 1248 3701 in
1275 3661 1302 3702 eo

106 3755 267 3840 apostolos
297 3753 421 3838 legitur,
452 3769 575 3834 semper
606 3751 638 3815 in
667 3749 756 3814 nobis
778 3747 921 3812 habitare
944 3745 1098 3830 dignetur,
1129 3743 1180 3807 cni
1202 3743 1250 3806 est

106 3863 210 3928 honor
230 3863 262 3924 et
277 3859 377 3943 gloria
392 3875 463 3922 cum
479 3859 567 3940 patre
584 3857 615 3920 et
630 3853 692 3919 lilio
708 3854 740 3918 in
756 3851 880 3918 saecula
896 3850 1100 3916 saeculorum.
1134 3845 1248 3910 Amen.

156 4050 385 4110 tetamentum
397 4068 447 4108 om,
461 4049 489 4105 R
532 4046 678 4102 estimesR
721 4041 980 4110 8deitateR(eiia
992 4041 1058 4107 rus.)
1106 4040 1139 4093 16
1151 4037 1251 4106 parsR

105 4145 145 4201 22
168 4139 315 4210 uoluptatis
336 4139 443 4208 aeripei,
465 4133 613 4190 uoluntatis
637 4134 664 4190 R
733 4133 767 4188 23
790 4130 905 4203 ebrietas
927 4129 964 4185 ΕΙ
1034 4128 1068 4182 24
1094 4124 1202 4195 preuius
1225 4125 1252 4179 R

105 4233 145 4287 25
163 4229 255 4299 parata
273 4227 301 4282 R
353 4227 387 4281 26
405 4222 507 4292 autem]
526 4221 597 4275 enirn
616 4221 679 4276 Mai

581 4451 786 4461 ——.-—--—
