2924 4924
274 450 337 516 228
722 451 787 507 1111.
807 453 917 507 Sermo
935 455 959 508 2.

273 627 368 691 etiam
400 647 481 691 nunc
513 628 666 692 sccundus
696 629 799 692 Adam
831 629 920 711 quasi
950 629 987 692 de
1018 630 1135 692 intacta
1165 647 1200 691 ao
1231 628 1299 692 rudi
1329 631 1396 692 terra

272 731 414 816 uirginea
444 750 536 796 carne
567 733 727 797 formatur.
782 751 866 813 ecoe,
896 733 1038 816 inquam,
1070 733 1183 798 iterum
1212 732 1395 797 cessantibus

272 839 401 900 naturae
424 836 546 920 legibus
563 854 662 900 nouus
685 837 778 901 homo
802 837 832 900 in
850 855 964 902 nouam
988 839 1086 901 uitam
1102 838 1166 902 solo
1183 836 1239 901 deo
1262 839 1396 919 operante

271 939 438 1022 perficitur.
495 942 688 1023 promittitur
720 959 793 1024 ergo
828 941 957 1025 uirginis
992 942 1073 1005 filius
1107 961 1162 1024 per
1195 941 1394 1004 uisitatiouem

232 1070 245 1110 ι
272 1043 398 1125 spiritus
422 1046 533 1124 sancti,
565 1045 639 1127 quid
667 1045 781 1109 mirum
810 1045 835 1108 si
864 1046 930 1108 sine
958 1046 1153 1127 corruptione
1181 1045 1329 1123 nascitur,
1353 1042 1396 1124 qui

271 1147 308 1210 de
329 1147 575 1212 sanctificatione
599 1150 777 1232 concipitur.
817 1150 986 1214 nonenim
1011 1150 1149 1229 decebat,
1174 1153 1217 1229 ut,
1242 1151 1295 1231 qui
1320 1147 1395 1212 nobis

271 1250 417 1316 omnibus
434 1253 595 1317 adferebat
610 1254 755 1333 salutem,
773 1254 830 1318 soli
854 1254 946 1317 matri
962 1254 1149 1337 integritatis
1166 1271 1227 1317 non
1246 1252 1396 1335 praeberet

271 1355 464 1439 dignitatem.
512 1358 683 1440 spirituS,
716 1357 825 1438 inquit,
857 1361 1010 1422 sanctus
1041 1358 1284 1440 superueniet
1311 1357 1343 1420 in
1367 1359 1396 1417 te

272 1463 307 1523 at
337 1460 456 1523 uirtus
487 1461 668 1524 altissimi
698 1461 936 1525 obumbrabit
965 1466 1009 1525 te.
1062 1463 1193 1546 dignum
1216 1462 1309 1544 plane
1332 1463 1396 1535 erat,

220 1589 244 1626 ιο
271 1567 306 1626 ut
328 1563 426 1646 regali
450 1564 645 1628 honestanda
669 1569 768 1629 mater
790 1569 881 1647 partu
905 1565 990 1647 prius
1007 1566 1149 1629 caelestis
1172 1567 1255 1649 regis
1272 1561 1396 1629 sanctifi·

271 1671 392 1730 caretur
419 1667 572 1751 ingressu.
619 1669 701 1732 undo
725 1669 885 1732 dominum
916 1675 947 1733 et
970 1671 1156 1734 saluatorem
1182 1675 1395 1734 nostrumnon

270 1771 337 1834 ideo
369 1771 544 1854 simplicem
575 1773 736 1837 hominem
766 1774 940 1852 credemus
971 1775 1045 1856 quia
1072 1777 1103 1837 et
1133 1775 1292 1838 hominem
1322 1771 1396 1836 nasci

271 1874 424 1939 uidemus.
471 1877 518 1939 las
548 1895 607 1940 nou
637 1881 694 1956 est,
723 1881 758 1941 ut
786 1896 846 1941 non
871 1878 946 1941 deus
970 1879 1123 1958 credatur,
1151 1878 1199 1941 oui
1223 1879 1397 1942 descensuro

272 1980 310 2044 ad
334 1983 433 2043 terras
457 1980 555 2044 adeo
578 1980 792 2045 habitaculum
821 1985 1031 2064 praeparatur.
1079 1982 1185 2046 diuina
1208 1983 1313 2065 itaque
1335 1999 1397 2062 ope-

220 2109 244 2148 n
271 2087 359 2148 rante
382 2085 523 2166 potentia
545 2085 699 2148 credentis
724 2086 844 2149 uiscera
871 2086 1079 2150 fecundantur
1102 2089 1133 2149 et
1159 2087 1191 2149 in
1219 2087 1303 2170 ligno
1326 2101 1398 2148 mor-

270 2189 324 2252 tali
355 2189 439 2251 uitae
471 2189 562 2252 arbor
589 2190 734 2252 inseritur
769 2195 801 2252 et
829 2193 957 2271 portans
986 2190 1016 2252 in
1046 2209 1079 2252 se
1107 2190 1212 2254 omnia
1242 2191 1339 2253 uirtus
1365 2186 1397 2250 ab

270 2291 450 2355 infirmitate
473 2295 615 2374 portatur
642 2297 683 2373 et,
715 2294 765 2375 qui
789 2297 881 2372 teme,
913 2294 992 2357 mari
1015 2295 1161 2376 caeloque
1183 2313 1245 2358 non
1276 2293 1397 2377 cupitur,

271 2396 354 2460 intre
381 2396 475 2461 unius
507 2397 680 2479 corpusculi
713 2397 854 2461 membra
884 2399 1060 2479 suscipitur.
1112 2399 1149 2462 de
1179 2403 1321 2462 creatura
1350 2413 1397 2458 sua

268 2487 394 2564 'creator
410 2501 549 2564 omnium
573 2501 712 2565 nascitur
729 2505 760 2564 et
776 2501 812 2564 de
836 2502 935 2565 riuulo
952 2519 1007 2566 suo
1030 2503 1100 2566 fons
1116 2521 1250 2585 magnus
1266 2501 1399 2575 exoritur,

217 2633 244 2672 ao
270 2605 356 2668 radin
379 2605 519 2668 omnium
543 2605 580 2668 de
608 2606 745 2689 uirgulta
769 2625 824 2670 suo
852 2606 991 2670 nascitur
1014 2610 1045 2669 et
1072 2607 1143 2670 uitis
1172 2623 1247 2670 uere
1273 2603 1400 2689 palmitis

270 2709 320 2772 sui
346 2709 464 2772 tructus
489 2709 632 2773 efficitur.

313 2812 415 2877 Adest
438 2831 508 2877 ecce
532 2813 783 2895 exoptatissimus
808 2815 872 2877 dies
895 2816 997 2898 gratia
1017 2815 1177 2898 geminata
1197 2813 1399 2897 resplendens,

270 2918 402 2981 candore
433 2917 559 2998 quidam
590 2918 730 2981 consueti
764 2919 892 2982 luminis
924 2919 1121 2998 inlustratus
1155 2919 1211 2982 sed
1245 2917 1399 3002 praecipue

269 3021 420 3086 radiantis
449 3022 529 3085 uteri
560 3022 680 3104 fulgore
707 3040 884 3085 coruscans,
935 3021 1139 3087 conliteamur
1166 3041 1240 3106 ergo
1268 3018 1399 3104 inprimis

217 3152 243 3192 re
270 3144 368 3189 unum
392 3126 484 3190 deum
515 3125 677 3190 dominum
707 3129 845 3190 nostrum
875 3131 906 3190 et
934 3145 994 3190 non
1025 3127 1177 3210 supererit
1199 3128 1289 3206 alter,
1314 3140 1398 3207 quem

270 3231 422 3294 minorem
447 3230 548 3294 dicere
572 3231 738 3312 possimus.
785 3231 838 3312 qui
862 3231 947 3295 enim
970 3251 1067 3294 unum
1091 3233 1253 3312 maiorem,
1276 3231 1399 3295 altemm

270 3335 422 3398 minorem
451 3335 603 3416 loquitur,
633 3334 709 3398 duos
738 3353 771 3398 se
799 3354 925 3400 necessa
950 3339 998 3399 est
1020 3336 1093 3400 deos
1120 3337 1257 3400 fateatur
1283 3333 1398 3399 habere.

270 3439 432 3502 credamus
461 3439 565 3520 itaque
596 3458 694 3502 unum
725 3440 828 3519 deum,
859 3443 980 3522 patrem
1012 3444 1044 3504 at
1075 3440 1172 3504 filium
1205 3443 1237 3503 et
1267 3440 1398 3522 spiritum

270 3544 425 3623 sanctum,
454 3546 516 3606 tres
543 3561 704 3626 personas,
733 3561 795 3607 non
818 3547 881 3608 tres
905 3543 1107 3624 substantias,
1138 3543 1198 3609 tria
1226 3544 1351 3609 nomina
1375 3544 1400 3602 et

372 3740 401 3810 8]
420 3739 483 3795 Luc.
500 3744 522 3806 1,
535 3744 579 3798 35.

314 3930 454 3988 lindacta
472 3934 502 3989 D
566 3935 682 3988 toarna
700 3932 730 3987 D
781 3931 874 3990 suita
892 3931 920 3988 D
972 3889 1125 4003 luirgine¹s
1143 3935 1172 3989 D
1225 3929 1401 3990 emerunt)
1443 4013 1444 4016 Ἴ

269 4020 478 4089 beonnaepitur
500 4021 530 4074 D
597 4020 669 4073 enim
691 4037 826 4089 suprascr.
845 4021 875 4076 D
945 4019 1106 4076 ibraberat
1129 4021 1169 4076 1)ι
1230 4019 1402 4089 8inquidD

268 4106 479 4162 9obumbrauit
504 4107 533 4161 D
601 4109 633 4162 la
656 4104 699 4160 ido
718 4108 758 4161 D¹
809 4109 841 4162 13
869 4106 1007 4161 diceneum
1029 4109 1060 4162 D
1122 4109 1154 4164 15
1180 4105 1402 4162 fecundanturD

270 4221 302 4274 ιι
330 4219 387 4272 ura
415 4220 445 4274 n
514 4221 548 4275 ιι
571 4185 722 4288 respuunt
751 4221 781 4274 n
851 4221 885 4274 ar
920 4219 1047 4274 autenm
1078 4221 1108 4275 n
1177 4221 1352 4276 coenatum
1373 4246 1401 4257 -
1443 4231 1444 4300 3

265 4305 522 4375 p.229,29dehac
534 4307 743 4361 uitatronsituri
756 4307 916 4378 dccetcpod
927 4310 998 4379 Aup.
1053 4310 1155 4364 nounu
1175 4309 1259 4365 Dbie
1302 4309 1403 4364 estre
1443 4311 1444 4348 ³

268 4397 383 4464 utroque
400 4395 457 4448 loco
476 4394 506 4447 D
1443 4393 1444 4396 ’
