<?xml version="1.0" encoding="UTF-8"?>
<!DOCTYPE html PUBLIC "-//W3C//DTD XHTML 1.0 Transitional//EN"
    "http://www.w3.org/TR/xhtml1/DTD/xhtml1-transitional.dtd">
<html xmlns="http://www.w3.org/1999/xhtml" xml:lang="en" lang="en">
 <head>
  <title>
</title>
<meta http-equiv="Content-Type" content="text/html;charset=utf-8" />
  <meta name='ocr-system' content='tesseract 3.04.00' />
  <meta name='ocr-capabilities' content='ocr_page ocr_carea ocr_par ocr_line ocrx_word'/>
</head>
<body>
  <div class='ocr_page' id='page_1' title='image "./praetersermones00fausgoog/praetersermones00fausgoog_0340.png"; bbox 0 0 2924 4924; ppageno 0'>
   <div class='ocr_carea' id='block_1_1' title="bbox 247 445 961 511">
    <p class='ocr_par' dir='ltr' id='par_1_1' title="bbox 247 445 961 511">
     <span class='ocr_line' id='line_1_1' title="bbox 247 445 961 511; baseline -0.015 0"><span class='ocrx_word' id='word_1_1' title='bbox 247 447 310 511; x_wconf 77' lang='lat'><strong>252</strong></span> <span class='ocrx_word' id='word_1_2' title='bbox 672 445 737 500; x_wconf 90' lang='lat' dir='ltr'>IIII.</span> <span class='ocrx_word' id='word_1_3' title='bbox 758 447 867 500; x_wconf 84' lang='lat' dir='ltr'><strong>Sermo</strong></span> <span class='ocrx_word' id='word_1_4' title='bbox 886 449 961 502; x_wconf 78' lang='grc'><strong>7-8.</strong></span> 
     </span>
    </p>
   </div>
   <div class='ocr_carea' id='block_1_2' title="bbox 191 618 1443 2360">
    <p class='ocr_par' dir='ltr' id='par_1_2' title="bbox 242 618 1370 1020">
     <span class='ocr_line' id='line_1_2' title="bbox 289 618 1369 706; baseline -0.005 -18"><span class='ocrx_word' id='word_1_5' title='bbox 289 621 368 688; x_wconf 78' lang='lat' dir='ltr'><strong>(ium</strong></span> <span class='ocrx_word' id='word_1_6' title='bbox 398 623 476 688; x_wconf 86' lang='lat' dir='ltr'><strong>haec</strong></span> <span class='ocrx_word' id='word_1_7' title='bbox 505 623 550 688; x_wconf 88' lang='lat' dir='ltr'><strong>ita</strong></span> <span class='ocrx_word' id='word_1_8' title='bbox 580 623 659 704; x_wconf 88' lang='lat' dir='ltr'><strong>sint,</strong></span> <span class='ocrx_word' id='word_1_9' title='bbox 695 621 940 687; x_wconf 74' lang='lat' dir='ltr'><strong>architriclinum</strong></span> <span class='ocrx_word' id='word_1_10' title='bbox 971 623 1074 705; x_wconf 91' lang='lat' dir='ltr'><strong>ipsum</strong></span> <span class='ocrx_word' id='word_1_11' title='bbox 1105 623 1315 706; x_wconf 85' lang='lat' dir='ltr'><strong>praepositum</strong></span> <span class='ocrx_word' id='word_1_12' title='bbox 1343 618 1369 682; x_wconf 91' lang='lat' dir='ltr'><strong>in</strong></span> 
     </span>
     <span class='ocr_line' id='line_1_3' title="bbox 245 726 1367 813; baseline -0.005 -21"><span class='ocrx_word' id='word_1_13' title='bbox 245 729 339 794; x_wconf 92' lang='lat' dir='ltr'><strong>domu</strong></span> <span class='ocrx_word' id='word_1_14' title='bbox 362 729 468 813; x_wconf 88' lang='lat' dir='ltr'><strong>sponsi</strong></span> <span class='ocrx_word' id='word_1_15' title='bbox 484 729 657 808; x_wconf 88' lang='lat' dir='ltr'><strong>uideamus,</strong></span> <span class='ocrx_word' id='word_1_16' title='bbox 680 747 775 810; x_wconf 89' lang='lat' dir='ltr'><strong>quem</strong></span> <span class='ocrx_word' id='word_1_17' title='bbox 792 729 906 792; x_wconf 90' lang='lat' dir='ltr'><strong>sentire</strong></span> <span class='ocrx_word' id='word_1_18' title='bbox 929 729 1094 811; x_wconf 85' lang='lat' dir='ltr'><strong>possimus.</strong></span> <span class='ocrx_word' id='word_1_19' title='bbox 1130 731 1163 792; x_wconf 90' lang='lat' dir='ltr'><strong>et</strong></span> <span class='ocrx_word' id='word_1_20' title='bbox 1177 726 1367 810; x_wconf 85' lang='lat' dir='ltr'><strong>quemalium</strong></span> 
     </span>
     <span class='ocr_line' id='line_1_4' title="bbox 244 831 1370 916; baseline -0.002 -19"><span class='ocrx_word' id='word_1_21' title='bbox 244 833 304 898; x_wconf 93' lang='lat' dir='ltr'><strong>nisi</strong></span> <span class='ocrx_word' id='word_1_22' title='bbox 326 831 454 898; x_wconf 90' lang='lat' dir='ltr'><strong>beatum</strong></span> <span class='ocrx_word' id='word_1_23' title='bbox 470 833 605 897; x_wconf 90' lang='lat' dir='ltr'><strong>Paulum</strong></span> <span class='ocrx_word' id='word_1_24' title='bbox 628 833 811 916; x_wconf 77' lang='lat' dir='ltr'><strong>intellegere</strong></span> <span class='ocrx_word' id='word_1_25' title='bbox 828 831 988 912; x_wconf 85' lang='lat' dir='ltr'><strong>debemus,</strong></span> <span class='ocrx_word' id='word_1_26' title='bbox 1013 832 1065 914; x_wconf 88' lang='lat' dir='ltr'><strong>qui</strong></span> <span class='ocrx_word' id='word_1_27' title='bbox 1088 835 1159 915; x_wconf 90' lang='lat' dir='ltr'><strong>post</strong></span> <span class='ocrx_word' id='word_1_28' title='bbox 1180 831 1260 916; x_wconf 89' lang='lat' dir='ltr'><strong>logis</strong></span> <span class='ocrx_word' id='word_1_29' title='bbox 1277 848 1370 910; x_wconf 78' lang='lat' dir='ltr'><strong>accep</strong></span> 
     </span>
     <span class='ocr_line' id='line_1_5' title="bbox 242 931 1367 1020; baseline -0.006 -18"><span class='ocrx_word' id='word_1_30' title='bbox 242 939 360 1002; x_wconf 91' lang='lat' dir='ltr'><strong>tionem</strong></span> <span class='ocrx_word' id='word_1_31' title='bbox 382 938 454 1002; x_wconf 93' lang='lat' dir='ltr'><strong>noui</strong></span> <span class='ocrx_word' id='word_1_32' title='bbox 477 937 660 1002; x_wconf 87' lang='lat' dir='ltr'><strong>testamenti</strong></span> <span class='ocrx_word' id='word_1_33' title='bbox 686 937 907 1020; x_wconf 82' lang='lat' dir='ltr'><strong>mysteriorum</strong></span> <span class='ocrx_word' id='word_1_34' title='bbox 930 937 1119 1000; x_wconf 86' lang='lat' dir='ltr'><strong>suauissimo</strong></span> <span class='ocrx_word' id='word_1_35' title='bbox 1142 936 1193 1000; x_wconf 89' lang='lat' dir='ltr'><strong>uel</strong></span> <span class='ocrx_word' id='word_1_36' title='bbox 1216 935 1307 1001; x_wconf 90' lang='lat' dir='ltr'><strong>odore</strong></span> <span class='ocrx_word' id='word_1_37' title='bbox 1327 931 1367 996; x_wconf 90' lang='lat' dir='ltr'><strong>uel</strong></span> 
     </span>
    </p>

    <p class='ocr_par' dir='ltr' id='par_1_3' title="bbox 203 1023 1443 1542">
     <span class='ocr_line' id='line_1_6' title="bbox 203 1039 1369 1128; baseline -0.01 -17"><span class='ocrx_word' id='word_1_38' title='bbox 203 1069 217 1111; x_wconf 83' lang='lat' dir='ltr'><strong>e</strong></span> <span class='ocrx_word' id='word_1_39' title='bbox 243 1045 339 1128; x_wconf 88' lang='lat' dir='ltr'><strong>gustu</strong></span> <span class='ocrx_word' id='word_1_40' title='bbox 362 1045 394 1108; x_wconf 91' lang='lat' dir='ltr'><strong>et</strong></span> <span class='ocrx_word' id='word_1_41' title='bbox 421 1041 606 1124; x_wconf 74' lang='lat' dir='ltr'><strong>spiritalium</strong></span> <span class='ocrx_word' id='word_1_42' title='bbox 630 1059 779 1106; x_wconf 89' lang='lat' dir='ltr'><strong>sensuum</strong></span> <span class='ocrx_word' id='word_1_43' title='bbox 808 1041 977 1125; x_wconf 76' lang='lat' dir='ltr'><strong>fraglantia</strong></span> <span class='ocrx_word' id='word_1_44' title='bbox 998 1040 1135 1122; x_wconf 88' lang='lat' dir='ltr'><strong>repletus</strong></span> <span class='ocrx_word' id='word_1_45' title='bbox 1159 1043 1190 1104; x_wconf 87' lang='lat' dir='ltr'><strong>et</strong></span> <span class='ocrx_word' id='word_1_46' title='bbox 1211 1039 1369 1104; x_wconf 88' lang='lat' dir='ltr'><strong>inebriatus</strong></span> 
     </span>
     <span class='ocr_line' id='line_1_7' title="bbox 243 1140 1443 1227; baseline -0.005 -16"><span class='ocrx_word' id='word_1_47' title='bbox 243 1147 399 1211; x_wconf 86' lang='lat' dir='ltr'><strong>exclamat</strong></span> <span class='ocrx_word' id='word_1_48' title='bbox 421 1149 453 1211; x_wconf 88' lang='lat' dir='ltr'><strong>et</strong></span> <span class='ocrx_word' id='word_1_49' title='bbox 477 1146 600 1211; x_wconf 88' lang='lat' dir='ltr'><strong>laudat:</strong></span> <span class='ocrx_word' id='word_1_50' title='bbox 630 1150 669 1211; x_wconf 92' lang='lat' dir='ltr'><strong>tu</strong></span> <span class='ocrx_word' id='word_1_51' title='bbox 693 1145 856 1210; x_wconf 87' lang='lat' dir='ltr'><strong>seruasti</strong></span> <span class='ocrx_word' id='word_1_52' title='bbox 878 1144 1014 1209; x_wconf 89' lang='lat' dir='ltr'><strong>bonum</strong></span> <span class='ocrx_word' id='word_1_53' title='bbox 1036 1145 1163 1209; x_wconf 89' lang='lat' dir='ltr'><strong>uinum</strong></span> <span class='ocrx_word' id='word_1_54' title='bbox 1186 1163 1303 1227; x_wconf 89' lang='lat' dir='ltr'><strong>usquc</strong></span> <span class='ocrx_word' id='word_1_55' title='bbox 1322 1140 1370 1206; x_wconf 91' lang='lat' dir='ltr'><strong>ad·</strong></span> <span class='ocrx_word' id='word_1_56' title='bbox 1442 1157 1443 1180; x_wconf 63' lang='lat'>¹</span> 
     </span>
     <span class='ocr_line' id='line_1_8' title="bbox 243 1247 1370 1333; baseline -0.005 -18"><span class='ocrx_word' id='word_1_57' title='bbox 243 1251 322 1316; x_wconf 91' lang='lat' dir='ltr'><strong>huc.</strong></span> <span class='ocrx_word' id='word_1_58' title='bbox 345 1251 508 1315; x_wconf 89' lang='lat' dir='ltr'><strong>uideamus</strong></span> <span class='ocrx_word' id='word_1_59' title='bbox 531 1254 648 1332; x_wconf 88' lang='lat' dir='ltr'><strong>tamen,</strong></span> <span class='ocrx_word' id='word_1_60' title='bbox 673 1269 766 1333; x_wconf 88' lang='lat' dir='ltr'><strong>quem</strong></span> <span class='ocrx_word' id='word_1_61' title='bbox 790 1250 829 1314; x_wconf 91' lang='lat' dir='ltr'><strong>ad</strong></span> <span class='ocrx_word' id='word_1_62' title='bbox 852 1249 979 1314; x_wconf 93' lang='lat' dir='ltr'><strong>modum</strong></span> <span class='ocrx_word' id='word_1_63' title='bbox 1003 1250 1107 1332; x_wconf 90' lang='lat' dir='ltr'><strong>ipsum</strong></span> <span class='ocrx_word' id='word_1_64' title='bbox 1129 1249 1240 1313; x_wconf 91' lang='lat' dir='ltr'><strong>uinum</strong></span> <span class='ocrx_word' id='word_1_65' title='bbox 1263 1247 1370 1313; x_wconf 88' lang='lat' dir='ltr'><strong>laudat:</strong></span> 
     </span>
     <span class='ocr_line' id='line_1_9' title="bbox 243 1349 1443 1437; baseline -0.007 -17"><span class='ocrx_word' id='word_1_66' title='bbox 243 1373 310 1420; x_wconf 89' lang='lat' dir='ltr'><strong>nec</strong></span> <span class='ocrx_word' id='word_1_67' title='bbox 338 1356 482 1436; x_wconf 88' lang='lat' dir='ltr'><strong>oculus,</strong></span> <span class='ocrx_word' id='word_1_68' title='bbox 509 1355 621 1437; x_wconf 87' lang='lat' dir='ltr'><strong>inquit,</strong></span> <span class='ocrx_word' id='word_1_69' title='bbox 649 1355 745 1420; x_wconf 90' lang='lat' dir='ltr'><strong>uidit</strong></span> <span class='ocrx_word' id='word_1_70' title='bbox 771 1372 837 1418; x_wconf 89' lang='lat' dir='ltr'><strong>nec</strong></span> <span class='ocrx_word' id='word_1_71' title='bbox 865 1353 966 1418; x_wconf 90' lang='lat' dir='ltr'><strong>auris</strong></span> <span class='ocrx_word' id='word_1_72' title='bbox 994 1353 1140 1418; x_wconf 89' lang='lat' dir='ltr'><strong>audiuit</strong></span> <span class='ocrx_word' id='word_1_73' title='bbox 1166 1372 1233 1418; x_wconf 90' lang='lat' dir='ltr'><strong>nec</strong></span> <span class='ocrx_word' id='word_1_74' title='bbox 1261 1355 1297 1418; x_wconf 89' lang='lat' dir='ltr'><strong>in</strong></span> <span class='ocrx_word' id='word_1_75' title='bbox 1320 1367 1370 1415; x_wconf 90' lang='lat' dir='ltr'><strong>cor</strong></span> <span class='ocrx_word' id='word_1_76' title='bbox 1442 1349 1443 1364; x_wconf 56' lang='lat'>³</span> 
     </span>
     <span class='ocr_line' id='line_1_10' title="bbox 242 1457 1371 1542; baseline -0.004 -18"><span class='ocrx_word' id='word_1_77' title='bbox 242 1459 405 1524; x_wconf 90' lang='lat' dir='ltr'><strong>hominis</strong></span> <span class='ocrx_word' id='word_1_78' title='bbox 429 1460 612 1540; x_wconf 89' lang='lat' dir='ltr'><strong>aseendit,</strong></span> <span class='ocrx_word' id='word_1_79' title='bbox 635 1477 728 1542; x_wconf 90' lang='lat' dir='ltr'><strong>quae</strong></span> <span class='ocrx_word' id='word_1_80' title='bbox 750 1459 993 1542; x_wconf 88' lang='lat' dir='ltr'><strong>praeparauit</strong></span> <span class='ocrx_word' id='word_1_81' title='bbox 1021 1458 1109 1522; x_wconf 91' lang='lat' dir='ltr'><strong>deus</strong></span> <span class='ocrx_word' id='word_1_82' title='bbox 1133 1457 1371 1541; x_wconf 86' lang='lat' dir='ltr'><strong>diligentibus</strong></span> 
     </span>
    </p>

    <p class='ocr_par' dir='ltr' id='par_1_4' title="bbox 192 1561 1443 2066">
     <span class='ocr_line' id='line_1_11' title="bbox 192 1561 1371 1648; baseline -0.005 -18"><span class='ocrx_word' id='word_1_83' title='bbox 192 1591 217 1632; x_wconf 82' lang='grc' dir='ltr'><strong>ιο</strong></span> <span class='ocrx_word' id='word_1_84' title='bbox 243 1583 290 1629; x_wconf 89' lang='lat' dir='ltr'><strong>se.</strong></span> <span class='ocrx_word' id='word_1_85' title='bbox 335 1582 406 1628; x_wconf 89' lang='lat' dir='ltr'><strong>eece</strong></span> <span class='ocrx_word' id='word_1_86' title='bbox 429 1581 514 1645; x_wconf 87' lang='lat' dir='ltr'><strong>uera,</strong></span> <span class='ocrx_word' id='word_1_87' title='bbox 538 1582 609 1629; x_wconf 90' lang='lat' dir='ltr'><strong>eece</strong></span> <span class='ocrx_word' id='word_1_88' title='bbox 631 1564 839 1648; x_wconf 91' lang='lat' dir='ltr'><strong>praedicanda</strong></span> <span class='ocrx_word' id='word_1_89' title='bbox 861 1563 1021 1644; x_wconf 89' lang='lat' dir='ltr'><strong>miracula,</strong></span> <span class='ocrx_word' id='word_1_90' title='bbox 1045 1581 1124 1644; x_wconf 90' lang='lat' dir='ltr'><strong>quae</strong></span> <span class='ocrx_word' id='word_1_91' title='bbox 1147 1563 1179 1626; x_wconf 95' lang='lat' dir='ltr'><strong>in</strong></span> <span class='ocrx_word' id='word_1_92' title='bbox 1203 1561 1292 1627; x_wconf 89' lang='lat' dir='ltr'><strong>nobis</strong></span> <span class='ocrx_word' id='word_1_93' title='bbox 1310 1575 1371 1641; x_wconf 83' lang='lat' dir='ltr'><strong>ope·</strong></span> 
     </span>
     <span class='ocr_line' id='line_1_12' title="bbox 241 1664 1370 1752; baseline -0.006 -20"><span class='ocrx_word' id='word_1_94' title='bbox 241 1673 361 1750; x_wconf 85' lang='lat' dir='ltr'><strong>rantur,</strong></span> <span class='ocrx_word' id='word_1_95' title='bbox 390 1669 513 1751; x_wconf 91' lang='lat' dir='ltr'><strong>quando</strong></span> <span class='ocrx_word' id='word_1_96' title='bbox 537 1669 575 1733; x_wconf 90' lang='lat' dir='ltr'><strong>de</strong></span> <span class='ocrx_word' id='word_1_97' title='bbox 597 1669 742 1752; x_wconf 83' lang='lat' dir='ltr'><strong>pessimis</strong></span> <span class='ocrx_word' id='word_1_98' title='bbox 765 1667 864 1734; x_wconf 91' lang='lat' dir='ltr'><strong>bonos</strong></span> <span class='ocrx_word' id='word_1_99' title='bbox 890 1669 975 1748; x_wconf 84' lang='lat' dir='ltr'><strong>fecit,</strong></span> <span class='ocrx_word' id='word_1_100' title='bbox 1003 1668 1041 1732; x_wconf 90' lang='lat' dir='ltr'><strong>de</strong></span> <span class='ocrx_word' id='word_1_101' title='bbox 1068 1667 1210 1749; x_wconf 87' lang='lat' dir='ltr'><strong>superbis</strong></span> <span class='ocrx_word' id='word_1_102' title='bbox 1238 1664 1370 1738; x_wconf 79' lang='lat' dir='ltr'><strong>humiles,</strong></span> 
     </span>
     <span class='ocr_line' id='line_1_13' title="bbox 242 1771 1371 1854; baseline -0.005 -17"><span class='ocrx_word' id='word_1_103' title='bbox 242 1773 279 1838; x_wconf 91' lang='lat' dir='ltr'><strong>de</strong></span> <span class='ocrx_word' id='word_1_104' title='bbox 295 1773 472 1838; x_wconf 87' lang='lat' dir='ltr'><strong>inhonestis</strong></span> <span class='ocrx_word' id='word_1_105' title='bbox 495 1777 608 1854; x_wconf 87' lang='lat' dir='ltr'><strong>castos,</strong></span> <span class='ocrx_word' id='word_1_106' title='bbox 632 1773 669 1837; x_wconf 89' lang='lat' dir='ltr'><strong>de</strong></span> <span class='ocrx_word' id='word_1_107' title='bbox 690 1771 896 1838; x_wconf 83' lang='lat' dir='ltr'><strong>sectatoribus</strong></span> <span class='ocrx_word' id='word_1_108' title='bbox 920 1772 1037 1837; x_wconf 88' lang='lat' dir='ltr'><strong>saeculi</strong></span> <span class='ocrx_word' id='word_1_109' title='bbox 1061 1772 1177 1836; x_wconf 87' lang='lat' dir='ltr'><strong>amicos</strong></span> <span class='ocrx_word' id='word_1_110' title='bbox 1201 1771 1261 1835; x_wconf 91' lang='lat' dir='ltr'><strong>dei.</strong></span> <span class='ocrx_word' id='word_1_111' title='bbox 1303 1784 1371 1852; x_wconf 86' lang='lat' dir='ltr'><strong>qnae</strong></span> 
     </span>
     <span class='ocr_line' id='line_1_14' title="bbox 240 1875 1443 1961; baseline -0.004 -18"><span class='ocrx_word' id='word_1_112' title='bbox 240 1881 345 1961; x_wconf 86' lang='lat' dir='ltr'><strong>potest</strong></span> <span class='ocrx_word' id='word_1_113' title='bbox 367 1879 487 1943; x_wconf 88' lang='lat' dir='ltr'><strong>maiora</strong></span> <span class='ocrx_word' id='word_1_114' title='bbox 509 1895 650 1942; x_wconf 82' lang='lat' dir='ltr'><strong>exercere</strong></span> <span class='ocrx_word' id='word_1_115' title='bbox 674 1878 835 1958; x_wconf 88' lang='lat' dir='ltr'><strong>miracula,</strong></span> <span class='ocrx_word' id='word_1_116' title='bbox 864 1895 957 1960; x_wconf 89' lang='lat' dir='ltr'><strong>quam</strong></span> <span class='ocrx_word' id='word_1_117' title='bbox 981 1875 1105 1958; x_wconf 85' lang='lat' dir='ltr'><strong>quando</strong></span> <span class='ocrx_word' id='word_1_118' title='bbox 1128 1875 1289 1940; x_wconf 91' lang='lat' dir='ltr'><strong>hominem</strong></span> <span class='ocrx_word' id='word_1_119' title='bbox 1310 1891 1371 1937; x_wconf 92' lang='lat' dir='ltr'><strong>uer·</strong></span> <span class='ocrx_word' id='word_1_120' title='bbox 1442 1893 1443 1938; x_wconf 79' lang='lat'>1</span> 
     </span>
     <span class='ocr_line' id='line_1_15' title="bbox 241 1981 1371 2066; baseline -0.007 -19"><span class='ocrx_word' id='word_1_121' title='bbox 241 2001 326 2048; x_wconf 88' lang='lat' dir='ltr'><strong>mem</strong></span> <span class='ocrx_word' id='word_1_122' title='bbox 347 1985 380 2048; x_wconf 89' lang='lat' dir='ltr'><strong>et</strong></span> <span class='ocrx_word' id='word_1_123' title='bbox 400 1983 598 2066; x_wconf 88' lang='lat' dir='ltr'><strong>putredinem</strong></span> <span class='ocrx_word' id='word_1_124' title='bbox 621 1983 769 2066; x_wconf 87' lang='lat' dir='ltr'><strong>dignatur</strong></span> <span class='ocrx_word' id='word_1_125' title='bbox 791 1984 822 2046; x_wconf 92' lang='lat' dir='ltr'><strong>in</strong></span> <span class='ocrx_word' id='word_1_126' title='bbox 846 1985 966 2047; x_wconf 89' lang='lat' dir='ltr'><strong>statum</strong></span> <span class='ocrx_word' id='word_1_127' title='bbox 989 1981 1167 2065; x_wconf 90' lang='lat' dir='ltr'><strong>angelicum</strong></span> <span class='ocrx_word' id='word_1_128' title='bbox 1189 1995 1371 2063; x_wconf 86' lang='lat' dir='ltr'><strong>promouere,</strong></span> 
     </span>
    </p>

    <p class='ocr_par' dir='ltr' id='par_1_5' title="bbox 191 2080 1372 2360">
     <span class='ocr_line' id='line_1_16' title="bbox 191 2080 1370 2170; baseline -0.006 -16"><span class='ocrx_word' id='word_1_129' title='bbox 191 2114 215 2154; x_wconf 78' lang='lat' dir='ltr'><strong>rs</strong></span> <span class='ocrx_word' id='word_1_130' title='bbox 242 2087 280 2152; x_wconf 89' lang='lat' dir='ltr'><strong>de</strong></span> <span class='ocrx_word' id='word_1_131' title='bbox 302 2087 435 2152; x_wconf 88' lang='lat' dir='ltr'><strong>terronis</strong></span> <span class='ocrx_word' id='word_1_132' title='bbox 450 2087 482 2151; x_wconf 95' lang='lat' dir='ltr'><strong>in</strong></span> <span class='ocrx_word' id='word_1_133' title='bbox 498 2086 686 2152; x_wconf 86' lang='lat' dir='ltr'><strong>caelestibus</strong></span> <span class='ocrx_word' id='word_1_134' title='bbox 702 2087 853 2152; x_wconf 87' lang='lat' dir='ltr'><strong>collocare</strong></span> <span class='ocrx_word' id='word_1_135' title='bbox 870 2089 901 2150; x_wconf 89' lang='lat' dir='ltr'><strong>et</strong></span> <span class='ocrx_word' id='word_1_136' title='bbox 916 2087 947 2150; x_wconf 94' lang='lat' dir='ltr'><strong>in</strong></span> <span class='ocrx_word' id='word_1_137' title='bbox 964 2086 1099 2170; x_wconf 89' lang='lat' dir='ltr'><strong>gratiam</strong></span> <span class='ocrx_word' id='word_1_138' title='bbox 1116 2102 1192 2149; x_wconf 90' lang='lat' dir='ltr'><strong>suae</strong></span> <span class='ocrx_word' id='word_1_139' title='bbox 1208 2080 1370 2168; x_wconf 87' lang='lat' dir='ltr'><strong>adoptionis</strong></span> 
     </span>
     <span class='ocr_line' id='line_1_17' title="bbox 243 2183 1372 2275; baseline -0.007 -19"><span class='ocrx_word' id='word_1_140' title='bbox 243 2192 418 2272; x_wconf 85' lang='lat' dir='ltr'><strong>adsumere,</strong></span> <span class='ocrx_word' id='word_1_141' title='bbox 441 2192 523 2274; x_wconf 93' lang='lat' dir='ltr'><strong>quod</strong></span> <span class='ocrx_word' id='word_1_142' title='bbox 541 2192 607 2275; x_wconf 88' lang='lat' dir='ltr'><strong>ipse</strong></span> <span class='ocrx_word' id='word_1_143' title='bbox 630 2195 788 2275; x_wconf 88' lang='lat' dir='ltr'><strong>praestare</strong></span> <span class='ocrx_word' id='word_1_144' title='bbox 811 2191 966 2275; x_wconf 86' lang='lat' dir='ltr'><strong>dignetur,</strong></span> <span class='ocrx_word' id='word_1_145' title='bbox 990 2189 1132 2272; x_wconf 89' lang='lat' dir='ltr'><strong>quicum</strong></span> <span class='ocrx_word' id='word_1_146' title='bbox 1154 2192 1244 2272; x_wconf 85' lang='lat' dir='ltr'><strong>patre</strong></span> <span class='ocrx_word' id='word_1_147' title='bbox 1267 2192 1296 2253; x_wconf 91' lang='lat' dir='ltr'><strong>et</strong></span> <span class='ocrx_word' id='word_1_148' title='bbox 1315 2183 1372 2268; x_wconf 91' lang='lat' dir='ltr'><strong>spi-</strong></span> 
     </span>
     <span class='ocr_line' id='line_1_18' title="bbox 242 2295 1095 2360; baseline -0.002 0"><span class='ocrx_word' id='word_1_149' title='bbox 242 2295 304 2360; x_wconf 89' lang='lat' dir='ltr'><strong>ritu</strong></span> <span class='ocrx_word' id='word_1_150' title='bbox 328 2299 436 2360; x_wconf 81' lang='lat' dir='ltr'><strong>sancto</strong></span> <span class='ocrx_word' id='word_1_151' title='bbox 459 2296 539 2360; x_wconf 91' lang='lat' dir='ltr'><strong>uiuit</strong></span> <span class='ocrx_word' id='word_1_152' title='bbox 560 2296 593 2360; x_wconf 93' lang='lat' dir='ltr'><strong>in</strong></span> <span class='ocrx_word' id='word_1_153' title='bbox 615 2295 720 2360; x_wconf 88' lang='lat' dir='ltr'><strong>omnia</strong></span> <span class='ocrx_word' id='word_1_154' title='bbox 742 2295 868 2360; x_wconf 86' lang='lat' dir='ltr'><strong>saecula</strong></span> <span class='ocrx_word' id='word_1_155' title='bbox 890 2295 1095 2359; x_wconf 90' lang='lat' dir='ltr'><strong>saeculorum.</strong></span> 
     </span>
    </p>
   </div>
   <div class='ocr_carea' id='block_1_3' title="bbox 766 2558 912 2636">
    <p class='ocr_par' dir='ltr' id='par_1_6' title="bbox 766 2558 912 2636">
     <span class='ocr_line' id='line_1_19' title="bbox 766 2558 912 2636; baseline 0 -15"><span class='ocrx_word' id='word_1_156' title='bbox 766 2558 854 2622; x_wconf 89' lang='lat' dir='ltr'><strong>VHI.</strong></span> <span class='ocrx_word' id='word_1_157' title='bbox 906 2625 912 2636; x_wconf 51' lang='grc'><strong>,</strong></span> 
     </span>
    </p>
   </div>
   <div class='ocr_carea' id='block_1_4' title="bbox 188 2699 1311 2848">
    <p class='ocr_par' dir='ltr' id='par_1_7' title="bbox 188 2699 1311 2848">
     <span class='ocr_line' id='line_1_20' title="bbox 306 2699 1311 2745; baseline -0.006 -1"><span class='ocrx_word' id='word_1_158' title='bbox 306 2703 350 2744; x_wconf 82' lang='lat' dir='ltr'><strong>nn</strong></span> <span class='ocrx_word' id='word_1_159' title='bbox 372 2703 542 2744; x_wconf 71' lang='lat' dir='ltr'><strong>uersurum</strong></span> <span class='ocrx_word' id='word_1_160' title='bbox 565 2703 677 2745; x_wconf 85' lang='lat' dir='ltr'><strong>nouum</strong></span> <span class='ocrx_word' id='word_1_161' title='bbox 700 2702 744 2743; x_wconf 75' lang='lat' dir='ltr'><strong>nn</strong></span> <span class='ocrx_word' id='word_1_162' title='bbox 767 2701 883 2742; x_wconf 76' lang='lat' dir='ltr'><strong>narseum</strong></span> <span class='ocrx_word' id='word_1_163' title='bbox 906 2701 969 2743; x_wconf 78' lang='lat' dir='ltr'><strong>nur</strong></span> <span class='ocrx_word' id='word_1_164' title='bbox 995 2703 1027 2742; x_wconf 84' lang='lat' dir='ltr'><strong>m</strong></span> <span class='ocrx_word' id='word_1_165' title='bbox 1049 2700 1166 2742; x_wconf 75' lang='lat' dir='ltr'><strong>surum</strong></span> <span class='ocrx_word' id='word_1_166' title='bbox 1190 2699 1311 2742; x_wconf 83' lang='lat' dir='ltr'><strong>nuernru</strong></span> 
     </span>
     <span class='ocr_line' id='line_1_21' title="bbox 188 2793 893 2848; baseline -0.004 3"><span class='ocrx_word' id='word_1_167' title='bbox 188 2793 214 2832; x_wconf 80' lang='lat'><strong>²⁰</strong></span> <span class='ocrx_word' id='word_1_168' title='bbox 726 2805 893 2848; x_wconf 74' lang='lat' dir='ltr'><strong>messurus.</strong></span> 
     </span>
    </p>
   </div>
   <div class='ocr_carea' id='block_1_5' title="bbox 187 2921 1369 3530">
    <p class='ocr_par' dir='ltr' id='par_1_8' title="bbox 187 2921 1369 3530">
     <span class='ocr_line' id='line_1_22' title="bbox 283 2921 1368 3007; baseline -0.01 -17"><span class='ocrx_word' id='word_1_169' title='bbox 283 2925 544 3006; x_wconf 78' lang='lat' dir='ltr'><strong>sollemnitatem,</strong></span> <span class='ocrx_word' id='word_1_170' title='bbox 568 2943 647 3007; x_wconf 90' lang='lat' dir='ltr'><strong>quae</strong></span> <span class='ocrx_word' id='word_1_171' title='bbox 671 2928 720 2989; x_wconf 90' lang='lat' dir='ltr'><strong>est</strong></span> <span class='ocrx_word' id='word_1_172' title='bbox 741 2923 779 2987; x_wconf 89' lang='lat' dir='ltr'><strong>de</strong></span> <span class='ocrx_word' id='word_1_173' title='bbox 802 2923 920 2987; x_wconf 92' lang='lat' dir='ltr'><strong>domini</strong></span> <span class='ocrx_word' id='word_1_174' title='bbox 944 2923 1040 2988; x_wconf 91' lang='lat' dir='ltr'><strong>nostri</strong></span> <span class='ocrx_word' id='word_1_175' title='bbox 1064 2922 1241 3002; x_wconf 87' lang='lat' dir='ltr'><strong>natiuitate,</strong></span> <span class='ocrx_word' id='word_1_176' title='bbox 1266 2921 1368 2985; x_wconf 86' lang='lat' dir='ltr'><strong>fratres</strong></span> 
     </span>
     <span class='ocr_line' id='line_1_23' title="bbox 242 3025 1369 3110; baseline -0.008 -16"><span class='ocrx_word' id='word_1_177' title='bbox 242 3029 406 3110; x_wconf 84' lang='lat' dir='ltr'><strong>carissimi,</strong></span> <span class='ocrx_word' id='word_1_178' title='bbox 430 3047 466 3094; x_wconf 86' lang='lat' dir='ltr'><strong>ea</strong></span> <span class='ocrx_word' id='word_1_179' title='bbox 481 3029 542 3094; x_wconf 88' lang='lat' dir='ltr'><strong>fide</strong></span> <span class='ocrx_word' id='word_1_180' title='bbox 564 3028 804 3109; x_wconf 77' lang='lat' dir='ltr'><strong>celebrabimus,</strong></span> <span class='ocrx_word' id='word_1_181' title='bbox 828 3045 890 3110; x_wconf 91' lang='lat' dir='ltr'><strong>qua</strong></span> <span class='ocrx_word' id='word_1_182' title='bbox 905 3046 940 3090; x_wconf 88' lang='lat' dir='ltr'><strong>ex</strong></span> <span class='ocrx_word' id='word_1_183' title='bbox 963 3027 1022 3090; x_wconf 88' lang='lat' dir='ltr'><strong>hoc</strong></span> <span class='ocrx_word' id='word_1_184' title='bbox 1044 3025 1172 3090; x_wconf 90' lang='lat' dir='ltr'><strong>homine</strong></span> <span class='ocrx_word' id='word_1_185' title='bbox 1195 3026 1270 3090; x_wconf 90' lang='lat' dir='ltr'><strong>deus</strong></span> <span class='ocrx_word' id='word_1_186' title='bbox 1286 3027 1369 3088; x_wconf 88' lang='lat' dir='ltr'><strong>natus</strong></span> 
     </span>
     <span class='ocr_line' id='line_1_24' title="bbox 240 3127 1369 3217; baseline -0.006 -19"><span class='ocrx_word' id='word_1_187' title='bbox 240 3137 296 3198; x_wconf 89' lang='lat' dir='ltr'><strong>est.</strong></span> <span class='ocrx_word' id='word_1_188' title='bbox 342 3133 424 3198; x_wconf 92' lang='lat' dir='ltr'><strong>hanc</strong></span> <span class='ocrx_word' id='word_1_189' title='bbox 451 3153 524 3217; x_wconf 91' lang='lat' dir='ltr'><strong>ergo</strong></span> <span class='ocrx_word' id='word_1_190' title='bbox 553 3151 590 3197; x_wconf 89' lang='lat' dir='ltr'><strong>ea</strong></span> <span class='ocrx_word' id='word_1_191' title='bbox 612 3133 830 3198; x_wconf 87' lang='lat' dir='ltr'><strong>obseruatione</strong></span> <span class='ocrx_word' id='word_1_192' title='bbox 853 3149 1050 3212; x_wconf 87' lang='lat' dir='ltr'><strong>ueneremur,</strong></span> <span class='ocrx_word' id='word_1_193' title='bbox 1076 3149 1141 3212; x_wconf 86' lang='lat' dir='ltr'><strong>qua</strong></span> <span class='ocrx_word' id='word_1_194' title='bbox 1162 3130 1240 3195; x_wconf 89' lang='lat' dir='ltr'><strong>deus</strong></span> <span class='ocrx_word' id='word_1_195' title='bbox 1265 3129 1296 3194; x_wconf 93' lang='lat' dir='ltr'><strong>in</strong></span> <span class='ocrx_word' id='word_1_196' title='bbox 1320 3127 1369 3191; x_wconf 90' lang='lat' dir='ltr'><strong>ho·</strong></span> 
     </span>
     <span class='ocr_line' id='line_1_25' title="bbox 241 3229 1369 3313; baseline -0.006 -12"><span class='ocrx_word' id='word_1_197' title='bbox 241 3238 324 3302; x_wconf 91' lang='lat' dir='ltr'><strong>mine</strong></span> <span class='ocrx_word' id='word_1_198' title='bbox 355 3237 529 3302; x_wconf 89' lang='lat' dir='ltr'><strong>declaratus</strong></span> <span class='ocrx_word' id='word_1_199' title='bbox 561 3241 617 3302; x_wconf 88' lang='lat' dir='ltr'><strong>est.</strong></span> <span class='ocrx_word' id='word_1_200' title='bbox 663 3237 728 3301; x_wconf 84' lang='lat' dir='ltr'><strong>illic</strong></span> <span class='ocrx_word' id='word_1_201' title='bbox 758 3236 790 3300; x_wconf 93' lang='lat' dir='ltr'><strong>in</strong></span> <span class='ocrx_word' id='word_1_202' title='bbox 821 3234 1055 3300; x_wconf 85' lang='lat' dir='ltr'><strong>infirmitatibus</strong></span> <span class='ocrx_word' id='word_1_203' title='bbox 1086 3234 1298 3313; x_wconf 90' lang='lat' dir='ltr'><strong>absconditur,</strong></span> <span class='ocrx_word' id='word_1_204' title='bbox 1324 3229 1369 3294; x_wconf 90' lang='lat' dir='ltr'><strong>hic</strong></span> 
     </span>
     <span class='ocr_line' id='line_1_26' title="bbox 187 3339 1367 3426; baseline -0.008 -18"><span class='ocrx_word' id='word_1_205' title='bbox 187 3368 213 3408; x_wconf 75' lang='lat' dir='ltr'><strong>aa</strong></span> <span class='ocrx_word' id='word_1_206' title='bbox 240 3342 409 3407; x_wconf 86' lang='lat' dir='ltr'><strong>uirtutibus</strong></span> <span class='ocrx_word' id='word_1_207' title='bbox 436 3343 602 3407; x_wconf 85' lang='lat' dir='ltr'><strong>reueletur.</strong></span> <span class='ocrx_word' id='word_1_208' title='bbox 648 3343 739 3407; x_wconf 90' lang='lat' dir='ltr'><strong>hodie</strong></span> <span class='ocrx_word' id='word_1_209' title='bbox 767 3342 850 3406; x_wconf 93' lang='lat' dir='ltr'><strong>enim</strong></span> <span class='ocrx_word' id='word_1_210' title='bbox 879 3359 988 3426; x_wconf 89' lang='lat' dir='ltr'><strong>magos</strong></span> <span class='ocrx_word' id='word_1_211' title='bbox 1011 3339 1051 3404; x_wconf 87' lang='lat' dir='ltr'><strong>ab</strong></span> <span class='ocrx_word' id='word_1_212' title='bbox 1074 3340 1192 3405; x_wconf 86' lang='lat' dir='ltr'><strong>oriente</strong></span> <span class='ocrx_word' id='word_1_213' title='bbox 1219 3339 1367 3404; x_wconf 85' lang='lat' dir='ltr'><strong>uenientes</strong></span> 
     </span>
     <span class='ocr_line' id='line_1_27' title="bbox 239 3439 1365 3530; baseline -0.009 -19"><span class='ocrx_word' id='word_1_214' title='bbox 239 3465 337 3530; x_wconf 91' lang='lat' dir='ltr'><strong>nsque</strong></span> <span class='ocrx_word' id='word_1_215' title='bbox 361 3446 399 3511; x_wconf 90' lang='lat' dir='ltr'><strong>ad</strong></span> <span class='ocrx_word' id='word_1_216' title='bbox 422 3447 526 3512; x_wconf 89' lang='lat' dir='ltr'><strong>locum</strong></span> <span class='ocrx_word' id='word_1_217' title='bbox 548 3447 646 3530; x_wconf 90' lang='lat' dir='ltr'><strong>geniti</strong></span> <span class='ocrx_word' id='word_1_218' title='bbox 669 3447 834 3510; x_wconf 89' lang='lat' dir='ltr'><strong>saluatoris</strong></span> <span class='ocrx_word' id='word_1_219' title='bbox 858 3445 949 3510; x_wconf 91' lang='lat' dir='ltr'><strong>stella</strong></span> <span class='ocrx_word' id='word_1_220' title='bbox 972 3444 1133 3510; x_wconf 78' lang='lat' dir='ltr'><strong>Christum</strong></span> <span class='ocrx_word' id='word_1_221' title='bbox 1156 3439 1365 3527; x_wconf 87' lang='lat' dir='ltr'><strong>quaerentibus</strong></span> 
     </span>
    </p>
   </div>
   <div class='ocr_carea' id='block_1_6' title="bbox 343 3627 847 3700">
    <p class='ocr_par' dir='ltr' id='par_1_9' title="bbox 343 3627 847 3700">
     <span class='ocr_line' id='line_1_28' title="bbox 343 3627 847 3700; baseline -0.008 -16"><span class='ocrx_word' id='word_1_222' title='bbox 343 3627 370 3700; x_wconf 88' lang='grc'><strong>6]</strong></span> <span class='ocrx_word' id='word_1_223' title='bbox 389 3630 574 3694; x_wconf 85' lang='lat' dir='ltr'><strong>Ioann.2,10.</strong></span> <span class='ocrx_word' id='word_1_224' title='bbox 629 3629 657 3698; x_wconf 88' lang='lat'><strong>8]</strong></span> <span class='ocrx_word' id='word_1_225' title='bbox 678 3630 691 3683; x_wconf 95' lang='lat'>1</span> <span class='ocrx_word' id='word_1_226' title='bbox 711 3627 771 3682; x_wconf 81' lang='lat' dir='ltr'><strong>Cor.</strong></span> <span class='ocrx_word' id='word_1_227' title='bbox 783 3629 809 3692; x_wconf 83' lang='lat'><strong>2,</strong></span> <span class='ocrx_word' id='word_1_228' title='bbox 822 3630 847 3682; x_wconf 91' lang='lat'><strong>9.</strong></span> 
     </span>
    </p>
   </div>
   <div class='ocr_carea' id='block_1_7' title="bbox 236 3782 1366 4472">
    <p class='ocr_par' dir='ltr' id='par_1_10' title="bbox 236 3782 1366 4472">
     <span class='ocr_line' id='line_1_29' title="bbox 282 3782 1363 3864; baseline -0.008 -12"><span class='ocrx_word' id='word_1_229' title='bbox 282 3799 298 3852; x_wconf 92' lang='lat'><strong>3</strong></span> <span class='ocrx_word' id='word_1_230' title='bbox 317 3802 380 3851; x_wconf 79' lang='lat' dir='ltr'><strong>cate</strong></span> <span class='ocrx_word' id='word_1_231' title='bbox 397 3793 551 3864; x_wconf 87' lang='lat' dir='ltr'><strong>intellegere</strong></span> <span class='ocrx_word' id='word_1_232' title='bbox 570 3811 669 3849; x_wconf 76' lang='lat' dir='ltr'><strong>rasura</strong></span> <span class='ocrx_word' id='word_1_233' title='bbox 685 3797 756 3850; x_wconf 75' lang='lat'><strong>2=3</strong></span> <span class='ocrx_word' id='word_1_234' title='bbox 774 3793 925 3848; x_wconf 79' lang='lat' dir='ltr'><strong>litterarum</strong></span> <span class='ocrx_word' id='word_1_235' title='bbox 943 3797 1031 3848; x_wconf 76' lang='lat' dir='ltr'><strong>certat</strong></span> <span class='ocrx_word' id='word_1_236' title='bbox 1049 3793 1080 3847; x_wconf 77' lang='lat' dir='ltr'><strong>in</strong></span> <span class='ocrx_word' id='word_1_237' title='bbox 1091 3792 1121 3846; x_wconf 90' lang='lat' dir='ltr'><em>D</em></span> <span class='ocrx_word' id='word_1_238' title='bbox 1174 3795 1191 3847; x_wconf 76' lang='lat'>4</span> <span class='ocrx_word' id='word_1_239' title='bbox 1209 3790 1313 3845; x_wconf 89' lang='lat' dir='ltr'><strong>odorem</strong></span> <span class='ocrx_word' id='word_1_240' title='bbox 1329 3782 1363 3838; x_wconf 76' lang='lat' dir='ltr'><strong>uel</strong></span> 
     </span>
     <span class='ocr_line' id='line_1_30' title="bbox 237 3871 1364 3952; baseline -0.012 -14"><span class='ocrx_word' id='word_1_241' title='bbox 237 3885 348 3952; x_wconf 88' lang='lat' dir='ltr'><strong>gustum</strong></span> <span class='ocrx_word' id='word_1_242' title='bbox 367 3883 396 3937; x_wconf 90' lang='lat' dir='ltr'><em>D</em></span> <span class='ocrx_word' id='word_1_243' title='bbox 450 3885 466 3937; x_wconf 85' lang='lat'>5</span> <span class='ocrx_word' id='word_1_244' title='bbox 484 3897 591 3936; x_wconf 87' lang='lat' dir='ltr'><strong>sensum</strong></span> <span class='ocrx_word' id='word_1_245' title='bbox 611 3881 639 3936; x_wconf 89' lang='lat' dir='ltr'><em>D</em></span> <span class='ocrx_word' id='word_1_246' title='bbox 692 3879 837 3950; x_wconf 79' lang='lat' dir='ltr'><strong>fraglantia</strong></span> <span class='ocrx_word' id='word_1_247' title='bbox 854 3880 962 3950; x_wconf 77' lang='lat' dir='ltr'><strong>scripsi,</strong></span> <span class='ocrx_word' id='word_1_248' title='bbox 980 3876 1122 3947; x_wconf 81' lang='lat' dir='ltr'><strong>flagrantia</strong></span> <span class='ocrx_word' id='word_1_249' title='bbox 1140 3879 1170 3932; x_wconf 92' lang='lat' dir='ltr'><em>D</em></span> <span class='ocrx_word' id='word_1_250' title='bbox 1223 3871 1364 3933; x_wconf 74' lang='lat' dir='ltr'><strong>entatu</strong></span> 
     </span>
     <span class='ocr_line' id='line_1_31' title="bbox 238 3957 1365 4039; baseline -0.012 -15"><span class='ocrx_word' id='word_1_251' title='bbox 238 3973 255 4026; x_wconf 90' lang='lat'><em>8</em></span> <span class='ocrx_word' id='word_1_252' title='bbox 273 3968 366 4039; x_wconf 88' lang='lat' dir='ltr'><strong>inquid</strong></span> <span class='ocrx_word' id='word_1_253' title='bbox 385 3971 415 4024; x_wconf 96' lang='lat' dir='ltr'><em>D</em></span> <span class='ocrx_word' id='word_1_254' title='bbox 477 3971 510 4024; x_wconf 85' lang='lat'><strong>10</strong></span> <span class='ocrx_word' id='word_1_255' title='bbox 529 3971 654 4036; x_wconf 86' lang='lat' dir='ltr'><strong>operetur</strong></span> <span class='ocrx_word' id='word_1_256' title='bbox 672 3968 743 4038; x_wconf 71' lang='lat' dir='ltr'><strong>Aac.</strong></span> <span class='ocrx_word' id='word_1_257' title='bbox 811 3969 843 4022; x_wconf 81' lang='lat'><strong>14</strong></span> <span class='ocrx_word' id='word_1_258' title='bbox 860 3964 1024 4036; x_wconf 86' lang='lat' dir='ltr'><strong>putridinem</strong></span> <span class='ocrx_word' id='word_1_259' title='bbox 1044 3966 1074 4020; x_wconf 95' lang='lat' dir='ltr'><em>D</em></span> <span class='ocrx_word' id='word_1_260' title='bbox 1139 3967 1171 4020; x_wconf 82' lang='lat'><strong>19</strong></span> <span class='ocrx_word' id='word_1_261' title='bbox 1189 3965 1255 4018; x_wconf 84' lang='lat' dir='ltr'><strong>item</strong></span> <span class='ocrx_word' id='word_1_262' title='bbox 1272 3963 1302 4016; x_wconf 89' lang='lat' dir='ltr'><strong>de</strong></span> <span class='ocrx_word' id='word_1_263' title='bbox 1318 3957 1365 4028; x_wconf 86' lang='lat' dir='ltr'><strong>epi·</strong></span> 
     </span>
     <span class='ocr_line' id='line_1_32' title="bbox 237 4036 1366 4126; baseline -0.01 -15"><span class='ocrx_word' id='word_1_264' title='bbox 237 4056 336 4126; x_wconf 88' lang='lat' dir='ltr'><strong>phania</strong></span> <span class='ocrx_word' id='word_1_265' title='bbox 354 4037 400 4110; x_wconf 75' lang='lat' dir='ltr'><strong>iiii</strong></span> <span class='ocrx_word' id='word_1_266' title='bbox 424 4056 457 4110; x_wconf 92' lang='lat' dir='ltr'><strong>ad</strong></span> <span class='ocrx_word' id='word_1_267' title='bbox 483 4055 593 4110; x_wconf 86' lang='lat' dir='ltr'><strong>missam</strong></span> <span class='ocrx_word' id='word_1_268' title='bbox 616 4059 664 4108; x_wconf 91' lang='lat' dir='ltr'><strong>aut</strong></span> <span class='ocrx_word' id='word_1_269' title='bbox 685 4054 718 4108; x_wconf 89' lang='lat' dir='ltr'><strong>de</strong></span> <span class='ocrx_word' id='word_1_270' title='bbox 740 4053 794 4121; x_wconf 91' lang='lat' dir='ltr'><strong>(die</strong></span> <span class='ocrx_word' id='word_1_271' title='bbox 806 4055 831 4121; x_wconf 71' lang='lat' dir='ltr'><strong>l)</strong></span> <span class='ocrx_word' id='word_1_272' title='bbox 849 4053 964 4107; x_wconf 85' lang='lat' dir='ltr'><strong>crastino</strong></span> <span class='ocrx_word' id='word_1_273' title='bbox 982 4053 1010 4106; x_wconf 92' lang='lat' dir='ltr'><strong>in</strong></span> <span class='ocrx_word' id='word_1_274' title='bbox 1028 4036 1060 4106; x_wconf 67' lang='lat' dir='ltr'><strong>nt</strong></span> <span class='ocrx_word' id='word_1_275' title='bbox 1077 4051 1175 4106; x_wconf 89' lang='lat' dir='ltr'><strong>luciani</strong></span> <span class='ocrx_word' id='word_1_276' title='bbox 1194 4049 1314 4119; x_wconf 82' lang='lat' dir='ltr'><strong>martyris</strong></span> <span class='ocrx_word' id='word_1_277' title='bbox 1331 4045 1366 4110; x_wconf 89' lang='lat' dir='ltr'><strong>D,·</strong></span> 
     </span>
     <span class='ocr_line' id='line_1_33' title="bbox 238 4131 1366 4212; baseline -0.008 -12"><span class='ocrx_word' id='word_1_278' title='bbox 238 4145 325 4200; x_wconf 81' lang='lat' dir='ltr'><strong>cditcc</strong></span> <span class='ocrx_word' id='word_1_279' title='bbox 343 4150 381 4200; x_wconf 83' lang='lat' dir='ltr'><strong>eet</strong></span> <span class='ocrx_word' id='word_1_280' title='bbox 398 4145 442 4199; x_wconf 82' lang='lat' dir='ltr'><strong>bic</strong></span> <span class='ocrx_word' id='word_1_281' title='bbox 459 4160 545 4199; x_wconf 75' lang='lat' dir='ltr'><strong>somno</strong></span> <span class='ocrx_word' id='word_1_282' title='bbox 563 4143 597 4196; x_wconf 81' lang='lat' dir='ltr'><strong>ab</strong></span> <span class='ocrx_word' id='word_1_283' title='bbox 610 4144 645 4196; x_wconf 84' lang='lat' dir='ltr'><strong>A.</strong></span> <span class='ocrx_word' id='word_1_284' title='bbox 659 4143 746 4209; x_wconf 80' lang='lat' dir='ltr'><strong>Maio,</strong></span> <span class='ocrx_word' id='word_1_285' title='bbox 764 4141 884 4212; x_wconf 76' lang='lat' dir='ltr'><strong>spicileg.</strong></span> <span class='ocrx_word' id='word_1_286' title='bbox 897 4141 1012 4195; x_wconf 76' lang='grc' dir='ltr'>Βοηιαη.</span> <span class='ocrx_word' id='word_1_287' title='bbox 1030 4140 1100 4194; x_wconf 82' lang='lat' dir='ltr'><strong>Vos</strong></span> <span class='ocrx_word' id='word_1_288' title='bbox 1112 4139 1244 4194; x_wconf 73' lang='lat' dir='ltr'><strong>Faustini</strong></span> <span class='ocrx_word' id='word_1_289' title='bbox 1257 4131 1366 4207; x_wconf 68' lang='lat' dir='ltr'><strong>apsent</strong></span> 
     </span>
     <span class='ocr_line' id='line_1_34' title="bbox 236 4221 1366 4297; baseline -0.007 -10"><span class='ocrx_word' id='word_1_290' title='bbox 236 4232 345 4287; x_wconf 63' lang='lat' dir='ltr'><strong>nomm</strong></span> <span class='ocrx_word' id='word_1_291' title='bbox 365 4231 410 4297; x_wconf 78' lang='lat' dir='ltr'><strong>(aa</strong></span> <span class='ocrx_word' id='word_1_292' title='bbox 432 4231 488 4286; x_wconf 89' lang='lat' dir='ltr'><strong>cod.</strong></span> <span class='ocrx_word' id='word_1_293' title='bbox 512 4229 633 4284; x_wconf 75' lang='lat' dir='ltr'><strong>ottobon.</strong></span> <span class='ocrx_word' id='word_1_294' title='bbox 650 4231 703 4283; x_wconf 83' lang='lat'><strong>976</strong></span> <span class='ocrx_word' id='word_1_295' title='bbox 724 4245 791 4284; x_wconf 81' lang='lat' dir='ltr'><strong>ecca.</strong></span> <span class='ocrx_word' id='word_1_296' title='bbox 809 4227 913 4296; x_wconf 84' lang='lat' dir='ltr'><em>XVII)</em></span> <span class='ocrx_word' id='word_1_297' title='bbox 934 4233 959 4282; x_wconf 83' lang='lat' dir='ltr'><strong>ct</strong></span> <span class='ocrx_word' id='word_1_298' title='bbox 977 4233 1115 4297; x_wconf 78' lang='lat' dir='ltr'><strong>postrema</strong></span> <span class='ocrx_word' id='word_1_299' title='bbox 1133 4225 1229 4282; x_wconf 78' lang='lat' dir='ltr'><strong>Sedcta&#39;</strong></span> <span class='ocrx_word' id='word_1_300' title='bbox 1250 4221 1366 4279; x_wconf 72' lang='lat' dir='ltr'><strong>medice</strong></span> 
     </span>
     <span class='ocr_line' id='line_1_35' title="bbox 237 4303 1366 4386; baseline -0.011 -15"><span class='ocrx_word' id='word_1_301' title='bbox 237 4319 292 4386; x_wconf 82' lang='lat'><strong>(72,</strong></span> <span class='ocrx_word' id='word_1_302' title='bbox 306 4319 354 4370; x_wconf 79' lang='lat'><strong>771</strong></span> <span class='ocrx_word' id='word_1_303' title='bbox 368 4318 420 4384; x_wconf 88' lang='grc' dir='ltr'><strong>Μ.)</strong></span> <span class='ocrx_word' id='word_1_304' title='bbox 434 4333 502 4386; x_wconf 85' lang='lat' dir='ltr'><strong>pora</strong></span> <span class='ocrx_word' id='word_1_305' title='bbox 520 4322 562 4370; x_wconf 60' lang='lat' dir='ltr'><strong>eat*</strong></span> <span class='ocrx_word' id='word_1_306' title='bbox 610 4317 642 4370; x_wconf 77' lang='lat'><strong>21</strong></span> <span class='ocrx_word' id='word_1_307' title='bbox 663 4329 713 4382; x_wconf 86' lang='lat' dir='ltr'><strong>que</strong></span> <span class='ocrx_word' id='word_1_308' title='bbox 725 4315 755 4368; x_wconf 93' lang='lat' dir='ltr'><em>D</em></span> <span class='ocrx_word' id='word_1_309' title='bbox 807 4313 976 4368; x_wconf 86' lang='lat' dir='ltr'><strong>natiuitatem</strong></span> <span class='ocrx_word' id='word_1_310' title='bbox 988 4314 1018 4368; x_wconf 95' lang='lat' dir='ltr'><em>D</em></span> <span class='ocrx_word' id='word_1_311' title='bbox 1070 4315 1104 4368; x_wconf 78' lang='lat'><strong>22</strong></span> <span class='ocrx_word' id='word_1_312' title='bbox 1122 4303 1366 4367; x_wconf 83' lang='lat' dir='ltr'><strong>caelebrauimnsD</strong></span> 
     </span>
     <span class='ocr_line' id='line_1_36' title="bbox 238 4401 925 4472; baseline -0.012 -8"><span class='ocrx_word' id='word_1_313' title='bbox 238 4404 272 4464; x_wconf 84' lang='grc'><strong>23</strong></span> <span class='ocrx_word' id='word_1_314' title='bbox 290 4417 321 4456; x_wconf 86' lang='lat' dir='ltr'><strong>ea</strong></span> <span class='ocrx_word' id='word_1_315' title='bbox 337 4402 356 4472; x_wconf 72' lang='lat' dir='ltr'><strong>ill</strong></span> <span class='ocrx_word' id='word_1_316' title='bbox 373 4403 402 4458; x_wconf 93' lang='lat' dir='ltr'><em>D</em></span> <span class='ocrx_word' id='word_1_317' title='bbox 419 4403 488 4468; x_wconf 81' lang='lat' dir='ltr'><strong>(crat</strong></span> <span class='ocrx_word' id='word_1_318' title='bbox 505 4417 536 4456; x_wconf 85' lang='lat' dir='ltr'><strong>ex</strong></span> <span class='ocrx_word' id='word_1_319' title='bbox 553 4402 585 4456; x_wconf 77' lang='lat' dir='ltr'><strong>in</strong></span> <span class='ocrx_word' id='word_1_320' title='bbox 601 4401 669 4470; x_wconf 83' lang='lat' dir='ltr'><strong>rae.)</strong></span> <span class='ocrx_word' id='word_1_321' title='bbox 721 4415 877 4454; x_wconf 81' lang='lat' dir='ltr'><strong>ueneramus</strong></span> <span class='ocrx_word' id='word_1_322' title='bbox 896 4401 925 4456; x_wconf 94' lang='lat' dir='ltr'><em>D</em></span> 
     </span>
    </p>
   </div>
   <div class='ocr_carea' id='block_1_8' title="bbox 0 0 1466 4924">
    <p class='ocr_par' dir='ltr' id='par_1_11' title="bbox 0 0 1466 4924">
     <span class='ocr_line' id='line_1_37' title="bbox 0 0 1466 4924; baseline 0 1"><span class='ocrx_word' id='word_1_323' title='bbox 0 0 1466 4924; x_wconf 95' lang='lat' dir='ltr'><strong> </strong></span> 
     </span>
    </p>
   </div>
  </div>
 </body>
</html>
