2954 4930
521 423 586 478 1111.
606 422 715 476 Sermo
733 424 775 478 28.
1157 422 1221 486 335

81 601 212 666 effectus
235 603 284 665 est
307 599 409 665 subito
433 599 576 664 sacerdos
600 597 763 682 sanguinis
791 597 849 660 sui.
889 600 919 661 et
949 599 1020 680 post
1050 597 1135 661 illam
1167 597 1221 662 do-

80 706 160 770 mini
191 703 382 790 singularem
416 704 634 788 insignemque
668 702 832 766 uictoriam
866 701 927 765 dur
960 702 1140 766 certaminis
1173 704 1221 768 in-

80 810 202 893 experti
236 813 268 874 et
301 809 375 874 noui
406 811 514 873 auctor
543 807 693 890 triumphi
724 806 851 890 signifer
882 806 1035 871 exercitus
1065 807 1220 872 candidati

80 915 213 979 denotas
236 913 273 977 de
296 932 330 977 se
353 913 410 977 deo
433 912 574 995 martyrii
596 911 751 1000 primitias
774 911 959 976 immolauit.
1004 928 1115 993 praeco
1139 912 1220 975 ueri-

79 1019 156 1084 tatis
184 1021 216 1083 et
237 1017 443 1100 pedissequus
474 1015 679 1100 redemptoris
710 1015 750 1079 ab
781 1016 878 1098 impia
899 1015 1086 1080 Iudaeorum
1116 1021 1220 1099 gente,
1260 1048 1272 1088 ⁵

77 1142 160 1206 quae
179 1121 297 1187 receuti
313 1121 476 1206 parricidio
492 1122 596 1186 calens
618 1121 766 1184 immanis
782 1120 897 1203 piaculi
920 1121 1022 1184 scelus
1042 1120 1219 1194 anhelabat,

76 1229 157 1292 duro
179 1245 326 1292 saxorum
347 1225 448 1291 imbre
471 1225 630 1292 conlectus
654 1228 702 1288 est
725 1225 889 1308 multiplici
909 1226 1038 1289 uulnere
1054 1226 1220 1308 speciosior

78 1336 111 1396 et
145 1331 246 1396 tincto
277 1335 366 1396 ueste
399 1329 565 1395 candidior.
611 1330 650 1394 ad
680 1329 764 1394 hunc
798 1348 869 1394 eum
900 1328 995 1392 finem
1026 1330 1167 1394 diuersae
1202 1348 1220 1394 a

77 1437 190 1519 primis
218 1435 309 1500 annis
336 1435 455 1519 gratiae
484 1437 515 1499 et
536 1434 616 1518 legis
643 1451 680 1498 ac
706 1433 929 1517 prophetarum
955 1438 1220 1516 praeparauerant

78 1540 272 1622 disciplinae.
911 1523 914 1528 ⁴
1250 1570 1273 1609 ιο

124 1643 254 1725 Beatus,
277 1643 365 1708 cuius
389 1643 455 1708 uita
477 1643 609 1707 lelioiter
632 1642 849 1708 administrata
863 1643 985 1707 lelieius
1009 1661 1145 1726 expensa
1160 1647 1218 1724 est,

77 1749 203 1828 beatus,
230 1747 319 1812 cuius
346 1747 413 1812 uita
438 1747 469 1812 in
498 1747 612 1811 saeculi
640 1747 781 1830 exemplo
808 1748 975 1830 proposito,
1003 1748 1035 1811 in
1058 1747 1107 1812 dei
1130 1748 1219 1812 testi-

77 1853 186 1917 monio
208 1856 438 1932 consummata,
469 1851 501 1916 iu
528 1851 701 1934 patrocinio
731 1851 826 1915 totius
854 1851 938 1916 orbis
968 1855 1131 1934 assumpta
1161 1855 1218 1932 est,

76 1957 203 2036 beatus,
238 1957 353 2038 inquo
384 1960 516 2020 mortem
547 1956 677 2021 illustris
708 1956 773 2021 uita
802 1956 944 2035 calcauit,
978 1956 1075 2020 immo
1103 1957 1134 2020 in
1159 1975 1218 2038 quo

76 2079 165 2126 mors
188 2061 272 2124 uitae
295 2061 518 2125 commercium
541 2061 607 2124 fuit.
652 2060 706 2124 alii
728 2079 783 2143 per
806 2061 938 2124 multam
961 2060 1218 2144 transgressionis
1247 2090 1272 2128 rs

75 2165 230 2247 antiquae
252 2165 411 2230 communi
441 2183 525 2244 cusu,
557 2165 695 2248 generali
726 2165 808 2228 exitu
839 2165 888 2228 uel
919 2162 1057 2230 febribus
1088 2165 1219 2229 diuersis

75 2269 283 2334 mortalitatis
312 2269 477 2352 impositae
508 2269 675 2353 generibus
704 2273 940 2334 consumuntur.
986 2268 1097 2334 beatus
1125 2270 1219 2334 homo

73 2375 140 2454 hie,
164 2374 218 2456 qui
241 2373 467 2438 inmaculatum
490 2374 634 2457 spiritum
662 2392 717 2458 pro
742 2373 857 2439 Christi
885 2375 1000 2440 honore
1028 2375 1221 2458 profundens

75 2479 275 2544 occasionem
298 2479 374 2543 feeit
395 2477 512 2562 gloriae
535 2479 573 2544 de
597 2479 783 2544 necessitate
812 2483 941 2544 naturae
968 2481 1143 2562 meruitque
1167 2480 1220 2543 de-

73 2583 181 2648 bitum
205 2582 390 2647 conditionis
413 2583 445 2648 in
468 2583 591 2648 lucmm
613 2583 753 2648 conferre
780 2583 916 2664 uirtmis,
944 2587 988 2665 ut,
1011 2585 1092 2666 quod
1118 2584 1177 2648 sibi
1201 2603 1220 2648 a
1245 2612 1272 2651 ro

74 2687 214 2752 saeculis
242 2685 421 2751 inhomiue
445 2687 494 2752 lex
522 2687 650 2772 originis
679 2691 710 2752 et
736 2689 873 2752 criminis
901 2689 1088 2768 uindicabat‚
1117 2691 1217 2753 totum

74 2793 110 2856 in
134 2791 196 2856 isto
220 2790 279 2856 sibi
302 2791 426 2856 deuotio
448 2791 550 2856 laudis
578 2791 749 2857 inuaderet.
795 2811 831 2858 ac
863 2793 907 2857 sic
929 2796 1000 2876 post
1023 2793 1217 2876 triumphum

74 2895 199 2960 domini
225 2895 258 2960 in
281 2895 340 2961 hoc
369 2897 514 2980 primitus
545 2915 641 2962 saeua
670 2915 754 2962 mors
785 2898 879 2962 etiam
910 2915 1041 2962 asemo
1072 2917 1105 2962 se
1135 2899 1219 2962 uinci

72 3019 171 3084 posse
199 3001 359 3084 cognouit,
392 3005 427 3065 ut
453 3001 608 3066 secuturis
636 3001 826 3084 martyribus
853 3020 962 3086 parere
993 3003 1030 3066 de
1059 3021 1091 3066 se
1119 3003 1219 3066 uitam

73 3105 155 3168 licet
176 3104 209 3168 in
232 3103 300 3169 uita
314 3109 541 3170 consuesceret.
576 3124 647 3170 cum
664 3124 737 3190 ergo
760 3107 916 3189 spiritales
940 3125 1055 3191 agones
1071 3107 1218 3170 reseratis
1245 3133 1271 3172 re

73 3207 219 3272 iustitiae
235 3209 333 3290 portis
357 3209 441 3274 caelo
457 3212 537 3274 teste
553 3212 688 3290 sudaret,
712 3215 821 3276 sancto
836 3211 975 3293 repletus
990 3211 1102 3293 spiritu
1125 3215 1218 3292 atquc

74 3311 169 3376 ebria
199 3329 218 3375 a
246 3311 303 3377 deo
333 3317 438 3378 mente
468 3315 513 3378 ita
543 3317 591 3378 est
620 3315 813 3398 prolocutus:
845 3334 928 3380 ecoe
958 3316 1066 3380 uideo
1095 3317 1218 3380 caelos

73 3419 231 3499 apertos
255 3419 290 3480 et
306 3417 428 3482 lilium
443 3418 606 3484 hominis
630 3423 791 3484 stantem
815 3420 991 3485 adertris
1007 3420 1073 3484 dei.
1107 3420 1219 3503 spiritu

72 3537 154 3605 ergo
176 3519 288 3604 plenus
311 3525 343 3585 et
364 3539 383 3586 a
405 3522 521 3588 dextris
543 3521 642 3588 filium
665 3524 802 3590 hominis
824 3525 936 3589 uidens
959 3524 1017 3589 sub
1041 3525 1218 3608 spectaculo

71 3624 230 3689 trinitatis
253 3625 365 3690 edebat
388 3645 519 3692 munera
540 3627 703 3710 passionis.
749 3630 794 3693 ita
817 3647 890 3713 ergo
918 3629 955 3692 de
979 3648 1014 3694 eo
1042 3648 1078 3694 ac
1105 3630 1143 3693 de
1165 3629 1218 3692 Iu·
1245 3653 1271 3695 so

71 3728 165 3792 dacis
188 3733 322 3794 testatur
344 3749 447 3796 sermo
470 3731 609 3796 diuinus:
633 3733 819 3814 uiderunt,
842 3735 953 3816 inquit,
981 3735 1115 3799 taciem
1139 3734 1217 3798 eius

71 3837 268 3914 tamquam
295 3833 429 3900 faciem
457 3837 590 3921 angeli.
636 3835 784 3902 nimirum
807 3841 908 3903 totum
932 3857 965 3904 se
989 3839 1083 3904 etiam
1111 3839 1142 3904 in
1166 3857 1218 3904 er·

182 4023 228 4094 2¹1]
246 4024 305 4080 net.
320 4027 344 4091 7,
357 4027 399 4082 55.
457 4025 504 4096 31]
523 4025 583 4082 Act.
597 4029 621 4091 6,
636 4027 677 4084 15.

181 4199 332 4254 lmartirii
350 4199 485 4269 primicias
503 4201 531 4255 P
588 4203 617 4257 ll
638 4201 836 4258 amministrum
854 4205 882 4260 P
938 4207 970 4262 15
989 4206 1173 4259 commertium
1193 4207 1220 4260 P

68 4285 298 4354 transgressionis
315 4289 422 4358 scripsi,
440 4289 663 4357 truusquestionis
682 4291 709 4344 P
771 4293 803 4346 21
823 4291 982 4346 nondicebat
1000 4295 1027 4346 P
1089 4295 1123 4348 26
1141 4293 1217 4348 iusti·

68 4373 133 4428 ciac
154 4373 182 4427 P
233 4375 266 4428 27
284 4373 460 4444 proloquutus
479 4375 506 4430 P
