<?xml version="1.0" encoding="UTF-8"?>
<!DOCTYPE html PUBLIC "-//W3C//DTD XHTML 1.0 Transitional//EN"
    "http://www.w3.org/TR/xhtml1/DTD/xhtml1-transitional.dtd">
<html xmlns="http://www.w3.org/1999/xhtml" xml:lang="en" lang="en">
 <head>
  <title>
</title>
<meta http-equiv="Content-Type" content="text/html;charset=utf-8" />
  <meta name='ocr-system' content='tesseract 3.04.00' />
  <meta name='ocr-capabilities' content='ocr_page ocr_carea ocr_par ocr_line ocrx_word'/>
</head>
<body>
  <div class='ocr_page' id='page_1' title='image "./praetersermones00fausgoog/praetersermones00fausgoog_0485.png"; bbox 0 0 2954 4930; ppageno 0'>
   <div class='ocr_carea' id='block_1_1' title="bbox 459 431 1227 502">
    <p class='ocr_par' dir='ltr' id='par_1_1' title="bbox 459 431 1227 502">
     <span class='ocr_line' id='line_1_1' title="bbox 459 431 1227 502; baseline 0.014 -16"><span class='ocrx_word' id='word_1_1' title='bbox 459 431 684 502; x_wconf 75' lang='lat' dir='ltr'><strong>Epistularum</strong></span> <span class='ocrx_word' id='word_1_2' title='bbox 702 433 799 488; x_wconf 86' lang='lat' dir='ltr'>lib.11</span> <span class='ocrx_word' id='word_1_3' title='bbox 819 437 858 489; x_wconf 87' lang='lat'>15.</span> <span class='ocrx_word' id='word_1_4' title='bbox 1166 433 1227 497; x_wconf 81' lang='grc'>397</span> 
     </span>
    </p>
   </div>
   <div class='ocr_carea' id='block_1_2' title="bbox 82 608 1282 3601">
    <p class='ocr_par' dir='ltr' id='par_1_2' title="bbox 86 608 1281 1522">
     <span class='ocr_line' id='line_1_2' title="bbox 87 608 1228 691; baseline 0.001 -20"><span class='ocrx_word' id='word_1_5' title='bbox 87 610 246 686; x_wconf 90' lang='lat' dir='ltr'>terram,</span> <span class='ocrx_word' id='word_1_6' title='bbox 277 626 371 670; x_wconf 90' lang='lat' dir='ltr'>unus</span> <span class='ocrx_word' id='word_1_7' title='bbox 402 608 500 672; x_wconf 91' lang='lat' dir='ltr'>enim</span> <span class='ocrx_word' id='word_1_8' title='bbox 531 611 588 672; x_wconf 88' lang='lat' dir='ltr'>est</span> <span class='ocrx_word' id='word_1_9' title='bbox 617 612 889 691; x_wconf 84' lang='lat' dir='ltr'>paternoster,</span> <span class='ocrx_word' id='word_1_10' title='bbox 920 609 1091 674; x_wconf 90' lang='lat' dir='ltr'>secundum</span> <span class='ocrx_word' id='word_1_11' title='bbox 1114 627 1228 673; x_wconf 90' lang='lat' dir='ltr'>nomen</span> 
     </span>
     <span class='ocr_line' id='line_1_3' title="bbox 86 710 1229 796; baseline 0.002 -22"><span class='ocrx_word' id='word_1_12' title='bbox 86 715 180 775; x_wconf 90' lang='lat' dir='ltr'>tuum</span> <span class='ocrx_word' id='word_1_13' title='bbox 210 712 242 775; x_wconf 91' lang='lat' dir='ltr'>in</span> <span class='ocrx_word' id='word_1_14' title='bbox 272 711 327 775; x_wconf 89' lang='lat' dir='ltr'>illa</span> <span class='ocrx_word' id='word_1_15' title='bbox 356 710 518 776; x_wconf 90' lang='lat' dir='ltr'>beatorum</span> <span class='ocrx_word' id='word_1_16' title='bbox 546 711 639 776; x_wconf 90' lang='lat' dir='ltr'>turba</span> <span class='ocrx_word' id='word_1_17' title='bbox 661 731 736 777; x_wconf 90' lang='lat' dir='ltr'>uera</span> <span class='ocrx_word' id='word_1_18' title='bbox 759 713 921 796; x_wconf 81' lang='lat' dir='ltr'>splendere</span> <span class='ocrx_word' id='word_1_19' title='bbox 946 713 1098 778; x_wconf 82' lang='lat' dir='ltr'>Ceraunia</span> <span class='ocrx_word' id='word_1_20' title='bbox 1120 717 1152 776; x_wconf 88' lang='lat' dir='ltr'>et</span> <span class='ocrx_word' id='word_1_21' title='bbox 1174 730 1229 776; x_wconf 95' lang='lat' dir='ltr'>uo-</span> 
     </span>
     <span class='ocr_line' id='line_1_4' title="bbox 87 815 1229 902; baseline 0.001 -23"><span class='ocrx_word' id='word_1_22' title='bbox 87 815 193 880; x_wconf 86' lang='lat' dir='ltr'>cabuli</span> <span class='ocrx_word' id='word_1_23' title='bbox 217 816 261 880; x_wconf 87' lang='lat' dir='ltr'>tui</span> <span class='ocrx_word' id='word_1_24' title='bbox 283 820 391 880; x_wconf 78' lang='lat' dir='ltr'><strong>auctor</strong></span> <span class='ocrx_word' id='word_1_25' title='bbox 414 817 553 902; x_wconf 73' lang='lat' dir='ltr'>existere,</span> <span class='ocrx_word' id='word_1_26' title='bbox 576 815 642 902; x_wconf 78' lang='lat' dir='ltr'>(de)</span> <span class='ocrx_word' id='word_1_27' title='bbox 664 835 724 899; x_wconf 90' lang='lat' dir='ltr'>quo</span> <span class='ocrx_word' id='word_1_28' title='bbox 748 819 911 900; x_wconf 90' lang='lat' dir='ltr'>splendore</span> <span class='ocrx_word' id='word_1_29' title='bbox 935 837 1063 900; x_wconf 88' lang='lat' dir='ltr'>operum</span> <span class='ocrx_word' id='word_1_30' title='bbox 1083 817 1229 881; x_wconf 92' lang='lat' dir='ltr'>dominus</span> 
     </span>
     <span class='ocr_line' id='line_1_5' title="bbox 88 920 1230 1002; baseline 0.002 -20"><span class='ocrx_word' id='word_1_31' title='bbox 88 920 180 984; x_wconf 88' lang='lat' dir='ltr'>dicit:</span> <span class='ocrx_word' id='word_1_32' title='bbox 205 920 258 984; x_wconf 90' lang='lat' dir='ltr'>sic</span> <span class='ocrx_word' id='word_1_33' title='bbox 273 921 398 984; x_wconf 88' lang='lat' dir='ltr'>luceat</span> <span class='ocrx_word' id='word_1_34' title='bbox 413 921 474 984; x_wconf 88' lang='lat' dir='ltr'>lur</span> <span class='ocrx_word' id='word_1_35' title='bbox 490 925 617 985; x_wconf 89' lang='lat' dir='ltr'>uestra</span> <span class='ocrx_word' id='word_1_36' title='bbox 632 940 754 986; x_wconf 91' lang='lat' dir='ltr'>coram</span> <span class='ocrx_word' id='word_1_37' title='bbox 771 921 998 1002; x_wconf 89' lang='lat' dir='ltr'>bominibus,</span> <span class='ocrx_word' id='word_1_38' title='bbox 1022 927 1061 986; x_wconf 90' lang='lat' dir='ltr'>ut</span> <span class='ocrx_word' id='word_1_39' title='bbox 1077 921 1230 984; x_wconf 90' lang='lat' dir='ltr'>uideant</span> 
     </span>
     <span class='ocr_line' id='line_1_6' title="bbox 87 1024 1281 1110; baseline 0 -23"><span class='ocrx_word' id='word_1_40' title='bbox 87 1042 203 1106; x_wconf 88' lang='lat' dir='ltr'>opera</span> <span class='ocrx_word' id='word_1_41' title='bbox 230 1027 357 1089; x_wconf 90' lang='lat' dir='ltr'>uestra</span> <span class='ocrx_word' id='word_1_42' title='bbox 380 1024 474 1089; x_wconf 91' lang='lat' dir='ltr'>bona</span> <span class='ocrx_word' id='word_1_43' title='bbox 497 1029 532 1088; x_wconf 88' lang='lat' dir='ltr'>et</span> <span class='ocrx_word' id='word_1_44' title='bbox 555 1027 805 1110; x_wconf 76' lang='lat' dir='ltr'>magnificent</span> <span class='ocrx_word' id='word_1_45' title='bbox 827 1043 890 1091; x_wconf 92' lang='lat' dir='ltr'>non</span> <span class='ocrx_word' id='word_1_46' title='bbox 912 1045 979 1106; x_wconf 91' lang='lat' dir='ltr'>uos,</span> <span class='ocrx_word' id='word_1_47' title='bbox 1010 1028 1064 1090; x_wconf 90' lang='lat' dir='ltr'>sed</span> <span class='ocrx_word' id='word_1_48' title='bbox 1086 1031 1229 1109; x_wconf 87' lang='lat' dir='ltr'>patrem</span> <span class='ocrx_word' id='word_1_49' title='bbox 1267 1047 1281 1087; x_wconf 78' lang='lat' dir='ltr'>a</span> 
     </span>
     <span class='ocr_line' id='line_1_7' title="bbox 87 1128 1228 1210; baseline 0.002 -19"><span class='ocrx_word' id='word_1_50' title='bbox 87 1131 272 1208; x_wconf 86' lang='lat' dir='ltr'>uestrum,</span> <span class='ocrx_word' id='word_1_51' title='bbox 296 1128 357 1210; x_wconf 89' lang='lat' dir='ltr'>qui</span> <span class='ocrx_word' id='word_1_52' title='bbox 380 1129 417 1192; x_wconf 94' lang='lat' dir='ltr'>in</span> <span class='ocrx_word' id='word_1_53' title='bbox 441 1129 555 1192; x_wconf 89' lang='lat' dir='ltr'>caelis</span> <span class='ocrx_word' id='word_1_54' title='bbox 579 1133 643 1193; x_wconf 89' lang='lat' dir='ltr'>est.</span> <span class='ocrx_word' id='word_1_55' title='bbox 682 1130 769 1193; x_wconf 92' lang='lat' dir='ltr'>cuius</span> <span class='ocrx_word' id='word_1_56' title='bbox 787 1135 835 1194; x_wconf 88' lang='lat' dir='ltr'>est</span> <span class='ocrx_word' id='word_1_57' title='bbox 851 1134 882 1194; x_wconf 87' lang='lat' dir='ltr'>et</span> <span class='ocrx_word' id='word_1_58' title='bbox 898 1135 933 1194; x_wconf 90' lang='lat' dir='ltr'>ut</span> <span class='ocrx_word' id='word_1_59' title='bbox 949 1130 1048 1210; x_wconf 90' lang='lat' dir='ltr'>detur,</span> <span class='ocrx_word' id='word_1_60' title='bbox 1072 1133 1104 1194; x_wconf 81' lang='lat' dir='ltr'>et</span> <span class='ocrx_word' id='word_1_61' title='bbox 1126 1149 1228 1210; x_wconf 91' lang='lat' dir='ltr'>omne,</span> 
     </span>
     <span class='ocr_line' id='line_1_8' title="bbox 86 1231 1230 1315; baseline 0.003 -21"><span class='ocrx_word' id='word_1_62' title='bbox 86 1231 171 1313; x_wconf 94' lang='lat' dir='ltr'>quod</span> <span class='ocrx_word' id='word_1_63' title='bbox 202 1231 303 1312; x_wconf 88' lang='lat' dir='ltr'>datur,</span> <span class='ocrx_word' id='word_1_64' title='bbox 336 1233 408 1314; x_wconf 86' lang='lat' dir='ltr'>quia</span> <span class='ocrx_word' id='word_1_65' title='bbox 437 1233 523 1296; x_wconf 83' lang='lat' dir='ltr'>iuxta</span> <span class='ocrx_word' id='word_1_66' title='bbox 552 1234 728 1315; x_wconf 91' lang='lat' dir='ltr'>apostolum</span> <span class='ocrx_word' id='word_1_67' title='bbox 759 1253 863 1299; x_wconf 91' lang='lat' dir='ltr'>omne</span> <span class='ocrx_word' id='word_1_68' title='bbox 893 1235 1018 1298; x_wconf 87' lang='lat' dir='ltr'>datum</span> <span class='ocrx_word' id='word_1_69' title='bbox 1049 1235 1184 1298; x_wconf 92' lang='lat' dir='ltr'>bonum</span> <span class='ocrx_word' id='word_1_70' title='bbox 1211 1251 1230 1298; x_wconf 90' lang='lat' dir='ltr'>a</span> 
     </span>
     <span class='ocr_line' id='line_1_9' title="bbox 87 1337 1228 1422; baseline 0.003 -23"><span class='ocrx_word' id='word_1_71' title='bbox 87 1355 240 1399; x_wconf 92' lang='lat' dir='ltr'>sursum</span> <span class='ocrx_word' id='word_1_72' title='bbox 263 1337 304 1400; x_wconf 90' lang='lat' dir='ltr'>de</span> <span class='ocrx_word' id='word_1_73' title='bbox 328 1341 437 1418; x_wconf 91' lang='lat' dir='ltr'>patre</span> <span class='ocrx_word' id='word_1_74' title='bbox 459 1337 643 1401; x_wconf 94' lang='lat' dir='ltr'>luminum</span> <span class='ocrx_word' id='word_1_75' title='bbox 667 1338 880 1419; x_wconf 87' lang='lat' dir='ltr'>descendit,</span> <span class='ocrx_word' id='word_1_76' title='bbox 904 1357 923 1402; x_wconf 94' lang='lat' dir='ltr'>a</span> <span class='ocrx_word' id='word_1_77' title='bbox 946 1357 1005 1422; x_wconf 92' lang='lat' dir='ltr'>quo</span> <span class='ocrx_word' id='word_1_78' title='bbox 1030 1343 1061 1403; x_wconf 91' lang='lat' dir='ltr'>et</span> <span class='ocrx_word' id='word_1_79' title='bbox 1082 1340 1228 1404; x_wconf 86' lang='lat' dir='ltr'>uoluntas</span> 
     </span>
     <span class='ocr_line' id='line_1_10' title="bbox 87 1439 654 1522; baseline 0.002 -18"><span class='ocrx_word' id='word_1_80' title='bbox 87 1439 237 1504; x_wconf 85' lang='lat' dir='ltr'>tribuitur</span> <span class='ocrx_word' id='word_1_81' title='bbox 261 1443 292 1503; x_wconf 87' lang='lat' dir='ltr'>ct</span> <span class='ocrx_word' id='word_1_82' title='bbox 313 1443 491 1522; x_wconf 85' lang='lat' dir='ltr'>praestatur</span> <span class='ocrx_word' id='word_1_83' title='bbox 515 1440 654 1505; x_wconf 84' lang='lat' dir='ltr'>effectus.</span> 
     </span>
    </p>

    <p class='ocr_par' dir='ltr' id='par_1_3' title="bbox 82 1536 1282 3601">
     <span class='ocr_line' id='line_1_11' title="bbox 133 1536 1281 1626; baseline -0.001 -20"><span class='ocrx_word' id='word_1_84' title='bbox 133 1543 213 1623; x_wconf 83' lang='lat' dir='ltr'>Quia</span> <span class='ocrx_word' id='word_1_85' title='bbox 241 1544 435 1626; x_wconf 86' lang='lat' dir='ltr'>paenitentia</span> <span class='ocrx_word' id='word_1_86' title='bbox 464 1561 524 1608; x_wconf 92' lang='lat' dir='ltr'>non</span> <span class='ocrx_word' id='word_1_87' title='bbox 556 1546 681 1609; x_wconf 90' lang='lat' dir='ltr'>nomine</span> <span class='ocrx_word' id='word_1_88' title='bbox 712 1549 835 1610; x_wconf 89' lang='lat' dir='ltr'>tantum</span> <span class='ocrx_word' id='word_1_89' title='bbox 868 1536 1044 1626; x_wconf 83' lang='lat' dir='ltr'>obtinenda,</span> <span class='ocrx_word' id='word_1_90' title='bbox 1076 1547 1130 1611; x_wconf 87' lang='lat' dir='ltr'>sod</span> <span class='ocrx_word' id='word_1_91' title='bbox 1157 1550 1229 1611; x_wconf 85' lang='lat' dir='ltr'>actu</span> <span class='ocrx_word' id='word_1_92' title='bbox 1257 1568 1281 1606; x_wconf 86' lang='lat' dir='ltr'>ro</span> 
     </span>
     <span class='ocr_line' id='line_1_12' title="bbox 86 1647 1230 1732; baseline 0.003 -21"><span class='ocrx_word' id='word_1_93' title='bbox 86 1652 138 1712; x_wconf 91' lang='lat' dir='ltr'>est</span> <span class='ocrx_word' id='word_1_94' title='bbox 166 1647 372 1729; x_wconf 84' lang='lat' dir='ltr'>exsequenda,</span> <span class='ocrx_word' id='word_1_95' title='bbox 402 1649 595 1729; x_wconf 90' lang='lat' dir='ltr'>paenitentia</span> <span class='ocrx_word' id='word_1_96' title='bbox 621 1668 683 1714; x_wconf 92' lang='lat' dir='ltr'>non</span> <span class='ocrx_word' id='word_1_97' title='bbox 707 1655 755 1714; x_wconf 89' lang='lat' dir='ltr'>est</span> <span class='ocrx_word' id='word_1_98' title='bbox 777 1668 892 1714; x_wconf 91' lang='lat' dir='ltr'>nomen</span> <span class='ocrx_word' id='word_1_99' title='bbox 915 1652 1059 1730; x_wconf 88' lang='lat' dir='ltr'>otiosum,</span> <span class='ocrx_word' id='word_1_100' title='bbox 1090 1669 1170 1732; x_wconf 86' lang='lat' dir='ltr'>quae</span> <span class='ocrx_word' id='word_1_101' title='bbox 1193 1670 1230 1714; x_wconf 83' lang='lat' dir='ltr'>ex</span> 
     </span>
     <span class='ocr_line' id='line_1_13' title="bbox 86 1751 1231 1838; baseline 0.003 -24"><span class='ocrx_word' id='word_1_102' title='bbox 86 1751 241 1833; x_wconf 75' lang='lat' dir='ltr'>qualitate</span> <span class='ocrx_word' id='word_1_103' title='bbox 264 1752 365 1834; x_wconf 90' lang='lat' dir='ltr'>operis</span> <span class='ocrx_word' id='word_1_104' title='bbox 388 1752 527 1834; x_wconf 88' lang='lat' dir='ltr'>possidet</span> <span class='ocrx_word' id='word_1_105' title='bbox 545 1753 701 1818; x_wconf 87' lang='lat' dir='ltr'>laboriosa</span> <span class='ocrx_word' id='word_1_106' title='bbox 716 1755 913 1818; x_wconf 90' lang='lat' dir='ltr'>uocabulum.</span> <span class='ocrx_word' id='word_1_107' title='bbox 949 1773 1011 1818; x_wconf 91' lang='lat' dir='ltr'>non</span> <span class='ocrx_word' id='word_1_108' title='bbox 1028 1754 1111 1818; x_wconf 94' lang='lat' dir='ltr'>enim</span> <span class='ocrx_word' id='word_1_109' title='bbox 1126 1758 1231 1838; x_wconf 90' lang='lat' dir='ltr'>potest</span> 
     </span>
     <span class='ocr_line' id='line_1_14' title="bbox 85 1855 1230 1940; baseline 0.003 -23"><span class='ocrx_word' id='word_1_110' title='bbox 85 1855 254 1938; x_wconf 87' lang='lat' dir='ltr'>paenitens</span> <span class='ocrx_word' id='word_1_111' title='bbox 277 1855 345 1936; x_wconf 88' lang='lat' dir='ltr'>dici,</span> <span class='ocrx_word' id='word_1_112' title='bbox 369 1857 421 1938; x_wconf 93' lang='lat' dir='ltr'>qui</span> <span class='ocrx_word' id='word_1_113' title='bbox 443 1857 631 1939; x_wconf 86' lang='lat' dir='ltr'>paenitenda</span> <span class='ocrx_word' id='word_1_114' title='bbox 653 1859 830 1938; x_wconf 86' lang='lat' dir='ltr'>committ&#39;t,</span> <span class='ocrx_word' id='word_1_115' title='bbox 854 1858 908 1921; x_wconf 89' lang='lat' dir='ltr'>sed</span> <span class='ocrx_word' id='word_1_116' title='bbox 931 1858 993 1938; x_wconf 90' lang='lat' dir='ltr'>ille,</span> <span class='ocrx_word' id='word_1_117' title='bbox 1018 1859 1069 1940; x_wconf 93' lang='lat' dir='ltr'>qui</span> <span class='ocrx_word' id='word_1_118' title='bbox 1092 1863 1230 1940; x_wconf 87' lang='lat' dir='ltr'>praeter-</span> 
     </span>
     <span class='ocr_line' id='line_1_15' title="bbox 86 1960 1229 2045; baseline 0.003 -23"><span class='ocrx_word' id='word_1_119' title='bbox 86 1961 131 2023; x_wconf 90' lang='lat' dir='ltr'>ita</span> <span class='ocrx_word' id='word_1_120' title='bbox 156 1963 285 2043; x_wconf 87' lang='lat' dir='ltr'>peccata</span> <span class='ocrx_word' id='word_1_121' title='bbox 306 1960 357 2022; x_wconf 90' lang='lat' dir='ltr'>uel</span> <span class='ocrx_word' id='word_1_122' title='bbox 380 1960 519 2024; x_wconf 90' lang='lat' dir='ltr'>maculas</span> <span class='ocrx_word' id='word_1_123' title='bbox 543 1960 721 2025; x_wconf 88' lang='lat' dir='ltr'>humilitate</span> <span class='ocrx_word' id='word_1_124' title='bbox 742 1962 852 2042; x_wconf 90' lang='lat' dir='ltr'>cordis,</span> <span class='ocrx_word' id='word_1_125' title='bbox 877 1961 1067 2026; x_wconf 87' lang='lat' dir='ltr'>subiectione</span> <span class='ocrx_word' id='word_1_126' title='bbox 1083 1963 1229 2045; x_wconf 90' lang='lat' dir='ltr'>corporis,</span> 
     </span>
     <span class='ocr_line' id='line_1_16' title="bbox 85 2063 1281 2146; baseline -0.002 -20"><span class='ocrx_word' id='word_1_127' title='bbox 85 2063 244 2128; x_wconf 88' lang='lat' dir='ltr'>bonorum</span> <span class='ocrx_word' id='word_1_128' title='bbox 259 2081 388 2146; x_wconf 89' lang='lat' dir='ltr'>operum</span> <span class='ocrx_word' id='word_1_129' title='bbox 405 2063 578 2143; x_wconf 84' lang='lat' dir='ltr'>sedulitate,</span> <span class='ocrx_word' id='word_1_130' title='bbox 597 2064 785 2130; x_wconf 87' lang='lat' dir='ltr'>adsiduitate</span> <span class='ocrx_word' id='word_1_131' title='bbox 797 2067 983 2145; x_wconf 91' lang='lat' dir='ltr'>orationum,</span> <span class='ocrx_word' id='word_1_132' title='bbox 999 2066 1229 2130; x_wconf 83' lang='lat' dir='ltr'>continuatione</span> <span class='ocrx_word' id='word_1_133' title='bbox 1257 2087 1281 2124; x_wconf 81' lang='lat' dir='ltr'>rs</span> 
     </span>
     <span class='ocr_line' id='line_1_17' title="bbox 84 2167 1229 2252; baseline 0.002 -21"><span class='ocrx_word' id='word_1_134' title='bbox 84 2168 276 2251; x_wconf 87' lang='lat' dir='ltr'>gemituum,</span> <span class='ocrx_word' id='word_1_135' title='bbox 300 2167 432 2250; x_wconf 89' lang='lat' dir='ltr'>pectoris</span> <span class='ocrx_word' id='word_1_136' title='bbox 456 2169 646 2250; x_wconf 87' lang='lat' dir='ltr'>contusione,</span> <span class='ocrx_word' id='word_1_137' title='bbox 670 2169 870 2234; x_wconf 88' lang='lat' dir='ltr'>lacrimarum</span> <span class='ocrx_word' id='word_1_138' title='bbox 893 2169 1072 2252; x_wconf 84' lang='lat' dir='ltr'>profusione</span> <span class='ocrx_word' id='word_1_139' title='bbox 1087 2171 1229 2252; x_wconf 82' lang='lat' dir='ltr'>detergit,</span> 
     </span>
     <span class='ocr_line' id='line_1_18' title="bbox 86 2271 1229 2356; baseline 0.002 -20"><span class='ocrx_word' id='word_1_140' title='bbox 86 2276 122 2336; x_wconf 91' lang='lat' dir='ltr'>ut</span> <span class='ocrx_word' id='word_1_141' title='bbox 146 2271 248 2355; x_wconf 86' lang='lat' dir='ltr'>possit</span> <span class='ocrx_word' id='word_1_142' title='bbox 270 2271 371 2335; x_wconf 92' lang='lat' dir='ltr'>dicere</span> <span class='ocrx_word' id='word_1_143' title='bbox 395 2289 466 2336; x_wconf 87' lang='lat' dir='ltr'>cum</span> <span class='ocrx_word' id='word_1_144' title='bbox 489 2273 655 2356; x_wconf 83' lang='lat' dir='ltr'>propheta:</span> <span class='ocrx_word' id='word_1_145' title='bbox 687 2292 731 2337; x_wconf 90' lang='lat' dir='ltr'>ne</span> <span class='ocrx_word' id='word_1_146' title='bbox 763 2273 976 2338; x_wconf 89' lang='lat' dir='ltr'>memineris</span> <span class='ocrx_word' id='word_1_147' title='bbox 1004 2274 1229 2356; x_wconf 86' lang='lat' dir='ltr'>iniquitates</span> 
     </span>
     <span class='ocr_line' id='line_1_19' title="bbox 85 2375 1230 2458; baseline 0.001 -18"><span class='ocrx_word' id='word_1_148' title='bbox 85 2379 239 2440; x_wconf 86' lang='lat' dir='ltr'>nostras</span> <span class='ocrx_word' id='word_1_149' title='bbox 263 2375 446 2457; x_wconf 87' lang='lat' dir='ltr'>antiquas,</span> <span class='ocrx_word' id='word_1_150' title='bbox 469 2376 576 2458; x_wconf 88' lang='lat' dir='ltr'>utique</span> <span class='ocrx_word' id='word_1_151' title='bbox 600 2395 662 2441; x_wconf 92' lang='lat' dir='ltr'>non</span> <span class='ocrx_word' id='word_1_152' title='bbox 685 2377 868 2458; x_wconf 90' lang='lat' dir='ltr'>cotidianas,</span> <span class='ocrx_word' id='word_1_153' title='bbox 892 2381 924 2441; x_wconf 90' lang='lat' dir='ltr'>et</span> <span class='ocrx_word' id='word_1_154' title='bbox 945 2377 1035 2442; x_wconf 92' lang='lat' dir='ltr'>illud:</span> <span class='ocrx_word' id='word_1_155' title='bbox 1058 2377 1230 2443; x_wconf 89' lang='lat' dir='ltr'>laboraui</span> 
     </span>
     <span class='ocr_line' id='line_1_20' title="bbox 85 2479 1229 2566; baseline 0.003 -24"><span class='ocrx_word' id='word_1_156' title='bbox 85 2481 122 2543; x_wconf 92' lang='lat' dir='ltr'>in</span> <span class='ocrx_word' id='word_1_157' title='bbox 159 2479 301 2563; x_wconf 88' lang='lat' dir='ltr'>gemitu</span> <span class='ocrx_word' id='word_1_158' title='bbox 336 2497 428 2559; x_wconf 92' lang='lat' dir='ltr'>meo,</span> <span class='ocrx_word' id='word_1_159' title='bbox 464 2479 598 2545; x_wconf 82' lang='lat' dir='ltr'>leuabo</span> <span class='ocrx_word' id='word_1_160' title='bbox 632 2499 696 2564; x_wconf 91' lang='lat' dir='ltr'>per</span> <span class='ocrx_word' id='word_1_161' title='bbox 730 2481 899 2566; x_wconf 89' lang='lat' dir='ltr'>singulas</span> <span class='ocrx_word' id='word_1_162' title='bbox 933 2485 1060 2546; x_wconf 89' lang='lat' dir='ltr'>noctes</span> <span class='ocrx_word' id='word_1_163' title='bbox 1091 2483 1229 2546; x_wconf 87' lang='lat' dir='ltr'>lectum</span> 
     </span>
     <span class='ocr_line' id='line_1_21' title="bbox 86 2583 1282 2669; baseline -0.002 -21"><span class='ocrx_word' id='word_1_164' title='bbox 86 2601 225 2664; x_wconf 92' lang='lat' dir='ltr'>meum,</span> <span class='ocrx_word' id='word_1_165' title='bbox 248 2583 415 2646; x_wconf 85' lang='lat' dir='ltr'>lacrimis</span> <span class='ocrx_word' id='word_1_166' title='bbox 439 2584 533 2648; x_wconf 91' lang='lat' dir='ltr'>meis</span> <span class='ocrx_word' id='word_1_167' title='bbox 557 2587 717 2648; x_wconf 88' lang='lat' dir='ltr'>stratum</span> <span class='ocrx_word' id='word_1_168' title='bbox 740 2603 860 2649; x_wconf 89' lang='lat' dir='ltr'>meum</span> <span class='ocrx_word' id='word_1_169' title='bbox 880 2585 1024 2669; x_wconf 87' lang='lat' dir='ltr'>rigabo,</span> <span class='ocrx_word' id='word_1_170' title='bbox 1049 2587 1228 2651; x_wconf 88' lang='lat' dir='ltr'>etiterum:</span> <span class='ocrx_word' id='word_1_171' title='bbox 1256 2608 1282 2646; x_wconf 81' lang='lat' dir='ltr'>ro</span> 
     </span>
     <span class='ocr_line' id='line_1_22' title="bbox 85 2686 1228 2772; baseline 0.002 -21"><span class='ocrx_word' id='word_1_172' title='bbox 85 2686 285 2771; x_wconf 88' lang='lat' dir='ltr'>rugiebam</span> <span class='ocrx_word' id='word_1_173' title='bbox 319 2705 338 2750; x_wconf 89' lang='lat' dir='ltr'>a</span> <span class='ocrx_word' id='word_1_174' title='bbox 371 2688 515 2770; x_wconf 90' lang='lat' dir='ltr'>gemitu</span> <span class='ocrx_word' id='word_1_175' title='bbox 550 2688 670 2752; x_wconf 90' lang='lat' dir='ltr'>cordis</span> <span class='ocrx_word' id='word_1_176' title='bbox 705 2689 790 2769; x_wconf 87' lang='lat' dir='ltr'>mei,</span> <span class='ocrx_word' id='word_1_177' title='bbox 826 2693 858 2753; x_wconf 88' lang='lat' dir='ltr'>et</span> <span class='ocrx_word' id='word_1_178' title='bbox 891 2689 1020 2754; x_wconf 88' lang='lat' dir='ltr'>iterum:</span> <span class='ocrx_word' id='word_1_179' title='bbox 1055 2689 1228 2772; x_wconf 89' lang='lat' dir='ltr'>quoniam</span> 
     </span>
     <span class='ocr_line' id='line_1_23' title="bbox 84 2792 1229 2876; baseline 0.001 -21"><span class='ocrx_word' id='word_1_180' title='bbox 84 2792 317 2873; x_wconf 83' lang='lat' dir='ltr'>iniquitates</span> <span class='ocrx_word' id='word_1_181' title='bbox 349 2809 447 2855; x_wconf 90' lang='lat' dir='ltr'>meas</span> <span class='ocrx_word' id='word_1_182' title='bbox 479 2809 544 2875; x_wconf 90' lang='lat' dir='ltr'>ego</span> <span class='ocrx_word' id='word_1_183' title='bbox 574 2793 775 2874; x_wconf 91' lang='lat' dir='ltr'>pronuntio</span> <span class='ocrx_word' id='word_1_184' title='bbox 806 2797 842 2857; x_wconf 89' lang='lat' dir='ltr'>et</span> <span class='ocrx_word' id='word_1_185' title='bbox 864 2793 1039 2876; x_wconf 90' lang='lat' dir='ltr'>cogitabo</span> <span class='ocrx_word' id='word_1_186' title='bbox 1062 2812 1126 2876; x_wconf 91' lang='lat' dir='ltr'>pro</span> <span class='ocrx_word' id='word_1_187' title='bbox 1149 2812 1229 2876; x_wconf 89' lang='lat' dir='ltr'>pec-</span> 
     </span>
     <span class='ocr_line' id='line_1_24' title="bbox 84 2895 1230 2976; baseline 0.002 -18"><span class='ocrx_word' id='word_1_188' title='bbox 84 2899 172 2959; x_wconf 83' lang='lat' dir='ltr'>eato</span> <span class='ocrx_word' id='word_1_189' title='bbox 204 2913 293 2958; x_wconf 89' lang='lat' dir='ltr'>meo.</span> <span class='ocrx_word' id='word_1_190' title='bbox 340 2896 402 2959; x_wconf 89' lang='lat' dir='ltr'>siut</span> <span class='ocrx_word' id='word_1_191' title='bbox 432 2895 500 2959; x_wconf 89' lang='lat' dir='ltr'>ideo</span> <span class='ocrx_word' id='word_1_192' title='bbox 523 2895 574 2959; x_wconf 92' lang='lat' dir='ltr'>hic</span> <span class='ocrx_word' id='word_1_193' title='bbox 597 2897 728 2960; x_wconf 89' lang='lat' dir='ltr'>crimina</span> <span class='ocrx_word' id='word_1_194' title='bbox 750 2901 857 2961; x_wconf 91' lang='lat' dir='ltr'>nostra</span> <span class='ocrx_word' id='word_1_195' title='bbox 879 2901 952 2960; x_wconf 87' lang='lat' dir='ltr'>ante</span> <span class='ocrx_word' id='word_1_196' title='bbox 975 2915 1042 2976; x_wconf 91' lang='lat' dir='ltr'>nos,</span> <span class='ocrx_word' id='word_1_197' title='bbox 1066 2900 1230 2961; x_wconf 89' lang='lat' dir='ltr'>utcontra</span> 
     </span>
     <span class='ocr_line' id='line_1_25' title="bbox 83 2998 1227 3084; baseline 0 -20"><span class='ocrx_word' id='word_1_198' title='bbox 83 3018 144 3064; x_wconf 89' lang='lat' dir='ltr'>uos</span> <span class='ocrx_word' id='word_1_199' title='bbox 166 3000 198 3062; x_wconf 95' lang='lat' dir='ltr'>in</span> <span class='ocrx_word' id='word_1_200' title='bbox 215 2998 262 3060; x_wconf 92' lang='lat' dir='ltr'>die</span> <span class='ocrx_word' id='word_1_201' title='bbox 279 2999 384 3062; x_wconf 86' lang='lat' dir='ltr'>iudicii</span> <span class='ocrx_word' id='word_1_202' title='bbox 401 3017 469 3063; x_wconf 88' lang='lat' dir='ltr'>esse</span> <span class='ocrx_word' id='word_1_203' title='bbox 486 3017 547 3062; x_wconf 93' lang='lat' dir='ltr'>non</span> <span class='ocrx_word' id='word_1_204' title='bbox 570 3001 692 3082; x_wconf 86' lang='lat' dir='ltr'>possint</span> <span class='ocrx_word' id='word_1_205' title='bbox 715 3005 746 3064; x_wconf 89' lang='lat' dir='ltr'>et</span> <span class='ocrx_word' id='word_1_206' title='bbox 768 3001 844 3064; x_wconf 90' lang='lat' dir='ltr'>illud</span> <span class='ocrx_word' id='word_1_207' title='bbox 868 3001 963 3064; x_wconf 87' lang='lat' dir='ltr'>etiam</span> <span class='ocrx_word' id='word_1_208' title='bbox 983 3001 1033 3064; x_wconf 91' lang='lat' dir='ltr'>hic</span> <span class='ocrx_word' id='word_1_209' title='bbox 1048 3001 1140 3084; x_wconf 89' lang='lat' dir='ltr'>positi</span> <span class='ocrx_word' id='word_1_210' title='bbox 1156 3020 1227 3064; x_wconf 92' lang='lat' dir='ltr'>curn</span> 
     </span>
     <span class='ocr_line' id='line_1_26' title="bbox 84 3103 1280 3188; baseline 0.002 -22"><span class='ocrx_word' id='word_1_211' title='bbox 84 3103 203 3166; x_wconf 86' lang='lat' dir='ltr'>fiducia</span> <span class='ocrx_word' id='word_1_212' title='bbox 222 3103 323 3166; x_wconf 90' lang='lat' dir='ltr'>dicere</span> <span class='ocrx_word' id='word_1_213' title='bbox 343 3121 532 3167; x_wconf 89' lang='lat' dir='ltr'>mereamur:</span> <span class='ocrx_word' id='word_1_214' title='bbox 557 3103 736 3167; x_wconf 87' lang='lat' dir='ltr'>delictum</span> <span class='ocrx_word' id='word_1_215' title='bbox 757 3123 876 3169; x_wconf 90' lang='lat' dir='ltr'>meum</span> <span class='ocrx_word' id='word_1_216' title='bbox 896 3123 963 3188; x_wconf 91' lang='lat' dir='ltr'>ego</span> <span class='ocrx_word' id='word_1_217' title='bbox 986 3121 1169 3188; x_wconf 88' lang='lat' dir='ltr'>cognosco</span> <span class='ocrx_word' id='word_1_218' title='bbox 1193 3107 1229 3168; x_wconf 90' lang='lat' dir='ltr'>et</span> <span class='ocrx_word' id='word_1_219' title='bbox 1254 3130 1280 3168; x_wconf 77' lang='lat' dir='ltr'>es</span> 
     </span>
     <span class='ocr_line' id='line_1_27' title="bbox 83 3205 1229 3290; baseline 0.001 -19"><span class='ocrx_word' id='word_1_220' title='bbox 83 3205 304 3271; x_wconf 88' lang='lat' dir='ltr'>iniustitias</span> <span class='ocrx_word' id='word_1_221' title='bbox 327 3225 427 3270; x_wconf 86' lang='lat' dir='ltr'>meas</span> <span class='ocrx_word' id='word_1_222' title='bbox 451 3225 522 3271; x_wconf 92' lang='lat' dir='ltr'>non</span> <span class='ocrx_word' id='word_1_223' title='bbox 542 3207 679 3288; x_wconf 89' lang='lat' dir='ltr'>operui.</span> <span class='ocrx_word' id='word_1_224' title='bbox 716 3207 803 3272; x_wconf 84' lang='lat' dir='ltr'>diri:</span> <span class='ocrx_word' id='word_1_225' title='bbox 828 3207 1078 3290; x_wconf 91' lang='lat' dir='ltr'>pronuntiabo</span> <span class='ocrx_word' id='word_1_226' title='bbox 1102 3208 1229 3272; x_wconf 87' lang='lat' dir='ltr'>aduer-</span> 
     </span>
     <span class='ocr_line' id='line_1_28' title="bbox 83 3310 1229 3377; baseline 0.003 -5"><span class='ocrx_word' id='word_1_227' title='bbox 83 3329 151 3374; x_wconf 75' lang='lat' dir='ltr'>¹sus</span> <span class='ocrx_word' id='word_1_228' title='bbox 176 3328 231 3372; x_wconf 88' lang='lat' dir='ltr'>me</span> <span class='ocrx_word' id='word_1_229' title='bbox 255 3314 291 3373; x_wconf 88' lang='lat' dir='ltr'>et</span> <span class='ocrx_word' id='word_1_230' title='bbox 313 3310 526 3374; x_wconf 90' lang='lat' dir='ltr'>iniustitias</span> <span class='ocrx_word' id='word_1_231' title='bbox 550 3329 649 3374; x_wconf 87' lang='lat' dir='ltr'>meas</span> <span class='ocrx_word' id='word_1_232' title='bbox 673 3311 820 3376; x_wconf 92' lang='lat' dir='ltr'>domino</span> <span class='ocrx_word' id='word_1_233' title='bbox 844 3317 878 3376; x_wconf 88' lang='lat' dir='ltr'>et</span> <span class='ocrx_word' id='word_1_234' title='bbox 901 3316 939 3376; x_wconf 91' lang='lat' dir='ltr'>tu</span> <span class='ocrx_word' id='word_1_235' title='bbox 962 3313 1142 3376; x_wconf 87' lang='lat' dir='ltr'>remisisti</span> <span class='ocrx_word' id='word_1_236' title='bbox 1166 3313 1229 3377; x_wconf 95' lang='lat' dir='ltr'>im-</span> 
     </span>
     <span class='ocr_line' id='line_1_29' title="bbox 83 3413 1228 3498; baseline 0.001 -21"><span class='ocrx_word' id='word_1_237' title='bbox 83 3416 267 3496; x_wconf 87' lang='lat' dir='ltr'>pietatem</span> <span class='ocrx_word' id='word_1_238' title='bbox 291 3413 414 3478; x_wconf 91' lang='lat' dir='ltr'>cordis</span> <span class='ocrx_word' id='word_1_239' title='bbox 439 3415 517 3477; x_wconf 89' lang='lat' dir='ltr'>mei.</span> <span class='ocrx_word' id='word_1_240' title='bbox 557 3418 676 3478; x_wconf 86' lang='lat' dir='ltr'>certum</span> <span class='ocrx_word' id='word_1_241' title='bbox 694 3419 751 3495; x_wconf 87' lang='lat' dir='ltr'>est,</span> <span class='ocrx_word' id='word_1_242' title='bbox 776 3415 865 3496; x_wconf 92' lang='lat' dir='ltr'>quod,</span> <span class='ocrx_word' id='word_1_243' title='bbox 889 3417 1088 3498; x_wconf 91' lang='lat' dir='ltr'>inquantum</span> <span class='ocrx_word' id='word_1_244' title='bbox 1112 3415 1167 3480; x_wconf 89' lang='lat' dir='ltr'>tibi</span> <span class='ocrx_word' id='word_1_245' title='bbox 1191 3417 1228 3478; x_wconf 95' lang='lat' dir='ltr'>de</span> 
     </span>
     <span class='ocr_line' id='line_1_30' title="bbox 82 3517 1229 3601; baseline 0.002 -19"><span class='ocrx_word' id='word_1_246' title='bbox 82 3517 183 3601; x_wconf 91' lang='lat' dir='ltr'>priori</span> <span class='ocrx_word' id='word_1_247' title='bbox 214 3518 447 3581; x_wconf 88' lang='lat' dir='ltr'>conuersatione</span> <span class='ocrx_word' id='word_1_248' title='bbox 478 3518 681 3600; x_wconf 88' lang='lat' dir='ltr'>displicueris,</span> <span class='ocrx_word' id='word_1_249' title='bbox 715 3519 747 3582; x_wconf 93' lang='lat' dir='ltr'>iu</span> <span class='ocrx_word' id='word_1_250' title='bbox 778 3521 899 3582; x_wconf 77' lang='lat' dir='ltr'>taut-unu</span> <span class='ocrx_word' id='word_1_251' title='bbox 932 3519 1056 3584; x_wconf 89' lang='lat' dir='ltr'>domino</span> <span class='ocrx_word' id='word_1_252' title='bbox 1090 3519 1229 3601; x_wconf 87' lang='lat' dir='ltr'>placebis</span> 
     </span>
    </p>
   </div>
   <div class='ocr_carea' id='block_1_3' title="bbox 80 3729 1227 3889">
    <p class='ocr_par' dir='ltr' id='par_1_4' title="bbox 80 3729 1227 3889">
     <span class='ocr_line' id='line_1_31' title="bbox 194 3729 1227 3802; baseline 0.004 -17"><span class='ocrx_word' id='word_1_253' title='bbox 194 3729 223 3798; x_wconf 85' lang='lat'>4]</span> <span class='ocrx_word' id='word_1_254' title='bbox 235 3729 365 3794; x_wconf 64' lang='lat' dir='ltr'>ursona,</span> <span class='ocrx_word' id='word_1_255' title='bbox 378 3733 416 3787; x_wconf 87' lang='lat' dir='ltr'>ra.</span> <span class='ocrx_word' id='word_1_256' title='bbox 471 3731 499 3800; x_wconf 79' lang='lat' dir='ltr'>a]</span> <span class='ocrx_word' id='word_1_257' title='bbox 511 3731 564 3786; x_wconf 74' lang='grc' dir='ltr'>ιιι.</span> <span class='ocrx_word' id='word_1_258' title='bbox 577 3735 599 3796; x_wconf 89' lang='lat'>1,</span> <span class='ocrx_word' id='word_1_259' title='bbox 611 3734 650 3788; x_wconf 85' lang='lat' dir='ltr'>rr.</span> <span class='ocrx_word' id='word_1_260' title='bbox 706 3733 751 3802; x_wconf 84' lang='grc' dir='ltr'>ιι]</span> <span class='ocrx_word' id='word_1_261' title='bbox 763 3732 949 3798; x_wconf 73' lang='lat' dir='ltr'>rsumrsa</span> <span class='ocrx_word' id='word_1_262' title='bbox 1003 3732 1227 3802; x_wconf 64' lang='lat' dir='ltr'>remonon.</span> 
     </span>
     <span class='ocr_line' id='line_1_32' title="bbox 80 3817 917 3889; baseline -0.004 -13"><span class='ocrx_word' id='word_1_263' title='bbox 80 3819 131 3889; x_wconf 74' lang='grc' dir='ltr'>ιι]</span> <span class='ocrx_word' id='word_1_264' title='bbox 152 3817 345 3882; x_wconf 66' lang='lat' dir='ltr'>marmeno.</span> <span class='ocrx_word' id='word_1_265' title='bbox 399 3817 607 3883; x_wconf 66' lang='lat' dir='ltr'>serasera.</span> <span class='ocrx_word' id='word_1_266' title='bbox 660 3819 706 3888; x_wconf 81' lang='lat' dir='ltr'>aa]</span> <span class='ocrx_word' id='word_1_267' title='bbox 726 3818 917 3884; x_wconf 75' lang='lat' dir='ltr'>emmens.</span> 
     </span>
    </p>
   </div>
   <div class='ocr_carea' id='block_1_4' title="bbox 80 4015 1230 4432">
    <p class='ocr_par' dir='ltr' id='par_1_5' title="bbox 128 4015 1230 4088">
     <span class='ocr_line' id='line_1_33' title="bbox 128 4015 1230 4088; baseline 0.001 -13"><span class='ocrx_word' id='word_1_268' title='bbox 128 4015 252 4075; x_wconf 76' lang='lat' dir='ltr'>aturba</span> <span class='ocrx_word' id='word_1_269' title='bbox 273 4035 298 4086; x_wconf 85' lang='lat' dir='ltr'>c,</span> <span class='ocrx_word' id='word_1_270' title='bbox 321 4015 434 4074; x_wconf 81' lang='lat' dir='ltr'>tubaS</span> <span class='ocrx_word' id='word_1_271' title='bbox 503 4017 575 4073; x_wconf 81' lang='lat' dir='ltr'>suc</span> <span class='ocrx_word' id='word_1_272' title='bbox 594 4019 695 4086; x_wconf 77' lang='lat' dir='ltr'>addo,</span> <span class='ocrx_word' id='word_1_273' title='bbox 714 4019 803 4074; x_wconf 71' lang='lat' dir='ltr'>oms</span> <span class='ocrx_word' id='word_1_274' title='bbox 872 4023 959 4075; x_wconf 87' lang='lat' dir='ltr'>5nou</span> <span class='ocrx_word' id='word_1_275' title='bbox 978 4037 1001 4088; x_wconf 84' lang='lat' dir='ltr'>o,</span> <span class='ocrx_word' id='word_1_276' title='bbox 1024 4035 1072 4074; x_wconf 84' lang='lat' dir='ltr'>nos</span> <span class='ocrx_word' id='word_1_277' title='bbox 1090 4037 1123 4074; x_wconf 74' lang='lat' dir='ltr'>aa</span> <span class='ocrx_word' id='word_1_278' title='bbox 1140 4021 1230 4076; x_wconf 78' lang='lat' dir='ltr'>uosS</span> 
     </span>
    </p>

    <p class='ocr_par' dir='ltr' id='par_1_6' title="bbox 80 4103 1229 4432">
     <span class='ocr_line' id='line_1_34' title="bbox 80 4103 1229 4176; baseline -0.002 -14"><span class='ocrx_word' id='word_1_279' title='bbox 80 4107 148 4162; x_wconf 81' lang='lat' dir='ltr'>det</span> <span class='ocrx_word' id='word_1_280' title='bbox 168 4111 232 4159; x_wconf 81' lang='lat' dir='ltr'>ante</span> <span class='ocrx_word' id='word_1_281' title='bbox 249 4106 464 4176; x_wconf 66' lang='lat' dir='ltr'>utsupra-acad</span> <span class='ocrx_word' id='word_1_282' title='bbox 515 4103 714 4162; x_wconf 79' lang='lat' dir='ltr'>8discenditS</span> <span class='ocrx_word' id='word_1_283' title='bbox 766 4109 795 4161; x_wconf 92' lang='lat' dir='ltr'>ll</span> <span class='ocrx_word' id='word_1_284' title='bbox 815 4105 969 4163; x_wconf 80' lang='lat' dir='ltr'>ociosumS</span> <span class='ocrx_word' id='word_1_285' title='bbox 1021 4107 1229 4176; x_wconf 68' lang='lat' dir='ltr'>repensantis</span> 
     </span>
     <span class='ocr_line' id='line_1_35' title="bbox 81 4190 1229 4262; baseline 0.004 -19"><span class='ocrx_word' id='word_1_286' title='bbox 81 4195 105 4250; x_wconf 84' lang='lat' dir='ltr'><em>S</em></span> <span class='ocrx_word' id='word_1_287' title='bbox 113 4197 131 4260; x_wconf 85' lang='lat'>¹,</span> <span class='ocrx_word' id='word_1_288' title='bbox 152 4190 314 4262; x_wconf 85' lang='lat' dir='ltr'>paenitenda</span> <span class='ocrx_word' id='word_1_289' title='bbox 334 4191 371 4248; x_wconf 70' lang='lat'>8²</span> <span class='ocrx_word' id='word_1_290' title='bbox 423 4191 593 4260; x_wconf 83' lang='lat' dir='ltr'>preteritaS</span> <span class='ocrx_word' id='word_1_291' title='bbox 649 4195 681 4249; x_wconf 90' lang='grc'>16</span> <span class='ocrx_word' id='word_1_292' title='bbox 699 4193 815 4260; x_wconf 84' lang='lat' dir='ltr'>detergit</span> <span class='ocrx_word' id='word_1_293' title='bbox 833 4211 856 4261; x_wconf 79' lang='lat' dir='ltr'>o,</span> <span class='ocrx_word' id='word_1_294' title='bbox 876 4192 1019 4262; x_wconf 83' lang='lat' dir='ltr'>detegitS</span> <span class='ocrx_word' id='word_1_295' title='bbox 1070 4195 1104 4248; x_wconf 83' lang='lat'>20</span> <span class='ocrx_word' id='word_1_296' title='bbox 1122 4196 1149 4246; x_wconf 85' lang='lat' dir='ltr'>et</span> <span class='ocrx_word' id='word_1_297' title='bbox 1167 4200 1229 4248; x_wconf 72' lang='lat' dir='ltr'>arde</span> 
     </span>
     <span class='ocr_line' id='line_1_36' title="bbox 80 4277 1228 4348; baseline -0.003 -14"><span class='ocrx_word' id='word_1_298' title='bbox 80 4277 207 4334; x_wconf 88' lang='lat' dir='ltr'>lacrimis</span> <span class='ocrx_word' id='word_1_299' title='bbox 219 4279 312 4332; x_wconf 76' lang='lat' dir='ltr'>addo</span> <span class='ocrx_word' id='word_1_300' title='bbox 363 4279 589 4346; x_wconf 54' lang='lat' dir='ltr'>sturmus</span> <span class='ocrx_word' id='word_1_301' title='bbox 640 4281 674 4336; x_wconf 78' lang='lat'>24</span> <span class='ocrx_word' id='word_1_302' title='bbox 687 4279 746 4348; x_wconf 90' lang='lat' dir='ltr'>nos]</span> <span class='ocrx_word' id='word_1_303' title='bbox 760 4281 791 4332; x_wconf 92' lang='lat' dir='ltr'>ut</span> <span class='ocrx_word' id='word_1_304' title='bbox 803 4279 896 4335; x_wconf 79' lang='lat' dir='ltr'>addo</span> <span class='ocrx_word' id='word_1_305' title='bbox 942 4279 1068 4335; x_wconf 84' lang='lat' dir='ltr'>iuditiiS</span> <span class='ocrx_word' id='word_1_306' title='bbox 1113 4279 1228 4334; x_wconf 69' lang='lat' dir='ltr'>adddu-</span> 
     </span>
     <span class='ocr_line' id='line_1_37' title="bbox 80 4365 751 4432; baseline 0.003 -12"><span class='ocrx_word' id='word_1_307' title='bbox 80 4367 125 4420; x_wconf 77' lang='lat' dir='ltr'>rir&#39;s</span> <span class='ocrx_word' id='word_1_308' title='bbox 146 4366 172 4421; x_wconf 88' lang='lat' dir='ltr'><strong><em>S</em></strong></span> <span class='ocrx_word' id='word_1_309' title='bbox 225 4365 398 4432; x_wconf 71' lang='lat' dir='ltr'>cognusces</span> <span class='ocrx_word' id='word_1_310' title='bbox 449 4369 482 4420; x_wconf 83' lang='lat'>29</span> <span class='ocrx_word' id='word_1_311' title='bbox 501 4365 709 4420; x_wconf 86' lang='lat' dir='ltr'>conuersationis</span> <span class='ocrx_word' id='word_1_312' title='bbox 728 4367 751 4422; x_wconf 82' lang='lat' dir='ltr'><em>S</em></span> 
     </span>
    </p>
   </div>
   <div class='ocr_carea' id='block_1_5' title="bbox 0 0 1482 4930">
    <p class='ocr_par' dir='ltr' id='par_1_7' title="bbox 0 0 1482 4930">
     <span class='ocr_line' id='line_1_38' title="bbox 0 0 1482 4930; baseline 0 2"><span class='ocrx_word' id='word_1_313' title='bbox 0 0 1482 4930; x_wconf 95' lang='lat' dir='ltr'> </span> 
     </span>
    </p>
   </div>
  </div>
 </body>
</html>
