2924 4924
590 1069 636 1188 B.
663 1071 885 1190 Sermones
925 1077 1041 1190 narii.

759 1341 878 1407 XXIH.

681 1503 725 1544 AD
748 1501 914 1544 NONAGHOS
937 1504 957 1546 1.

295 1633 345 1698 Ad
368 1635 471 1698 locum
494 1635 586 1716 hunc,
615 1635 778 1716 carissimi,
802 1654 863 1700 non
886 1637 925 1700 ad
947 1637 1096 1718 quietem,
1123 1656 1186 1702 non
1212 1639 1249 1702 ad
1270 1635 1365 1701 securi-

212 1766 224 1804 1
253 1741 362 1819 tatem,
394 1739 448 1803 sed
471 1739 510 1803 ad
532 1757 682 1824 pugnem,
712 1739 752 1804 ad
775 1743 932 1805 certamen
955 1742 1167 1822 conuenimus,
1192 1742 1230 1806 ad
1252 1757 1364 1826 agnum

251 1843 313 1907 hue
335 1844 554 1925 processimus,
579 1845 617 1908 ad
640 1844 809 1908 exercenda
831 1863 903 1909 curn
925 1845 1010 1910 uitiis
1032 1845 1116 1910 balla
1137 1845 1364 1911 conscendimus.

251 1947 328 2012 uitia
351 1947 434 2012 enirn
458 1951 564 2012 nostra
585 1948 691 2012 hostes
715 1949 813 2012 nostri
836 1953 920 2030 sunt,
944 1949 982 2014 de
1005 1949 1118 2032 quibus
1141 1951 1292 2032 scriptura
1309 1965 1367 2031 pro·

251 2051 375 2115 nuntiat
394 2051 514 2116 dicens:
538 2069 637 2132 caue,
658 2071 701 2116 ne
721 2071 892 2134 umquam
911 2053 1050 2118 habeas
1070 2071 1151 2118 cum
1171 2055 1224 2119 eis
1244 2053 1364 2118 foedus.

251 2155 427 2220 necessaria
449 2155 538 2220 mobis
562 2159 619 2237 est,
642 2156 765 2238 fratres,
788 2157 921 2241 peruigil
943 2175 1027 2238 eura,
1057 2157 1214 2223 indefessa
1235 2155 1365 2231 custodia,
1439 2201 1440 2228 ,

200 2285 225 2324 ιο
252 2259 324 2340 quia
346 2259 505 2324 conflictus
529 2259 589 2324 iste
613 2260 680 2325 sine
702 2260 774 2342 fine,
804 2262 902 2326 hostis
925 2261 984 2326 iste
1007 2262 1074 2326 sine
1101 2281 1177 2346 pace
1200 2265 1257 2327 est.
1293 2261 1366 2325 hoste

249 2363 310 2427 isto
332 2363 415 2428 uinci
437 2367 535 2446 potes,
558 2365 653 2447 recipi
676 2365 708 2428 im
731 2365 903 2430 amicitiam
926 2385 988 2431 non
1010 2369 1109 2450 potes.
1148 2369 1181 2430 et
1203 2365 1270 2431 ideo
1294 2381 1367 2448 proc

250 2467 327 2531 lium
351 2467 444 2548 istud,
468 2468 549 2550 quod
572 2469 778 2552 suscepimus,
803 2471 879 2534 satis
895 2471 1008 2534 durum
1024 2471 1162 2552 satisque
1178 2471 1368 2554 periculosum

253 2575 310 2652 est,
334 2573 407 2654 quia
428 2573 512 2637 intra
533 2573 693 2638 hominem
715 2575 832 2658 geritur
855 2577 887 2638 et
908 2575 969 2638 misi
992 2575 1152 2657 cumipse
1175 2575 1298 2640 homine
1316 2588 1366 2634 non

250 2675 365 2740 finitur.

200 2806 223 2844 15
293 2779 367 2844 Ideo
391 2799 462 2864 ergo
487 2798 543 2844 nos
567 2781 605 2844 ad
629 2782 798 2863 tranquilla
820 2782 898 2846 haec
920 2785 1040 2846 secreta
1063 2785 1094 2846 et
1113 2781 1265 2866 spiritalia
1282 2783 1369 2845 easta

250 2885 448 2965 contulimus,
472 2887 507 2949 ut
524 2885 636 2949 cotidie
656 2889 764 2950 contra
784 2885 944 2968 passiones
965 2889 1088 2950 nostras
1108 2885 1290 2970 infatigabili
1308 2901 1369 2947 oon·

249 2989 407 3073 gressiano
430 2993 596 3070 contemne,
620 2994 655 3054 ut
677 2991 791 3055 cotidie
814 2991 987 3055 senioribus
1006 2992 1121 3056 nostris
1141 2992 1231 3073 quasi
1251 2987 1369 3055 famulas

249 3093 427 3158 uoluntates
450 3097 572 3158 nostras
596 3093 796 3176 subiciamus,
827 3099 863 3159 ut
884 3095 984 3160 cordis
1007 3095 1162 3178 nequitias
1186 3091 1370 3159 circumcida-

250 3215 320 3260 mus
343 3198 396 3262 uel
418 3197 543 3280 linguae
566 3199 706 3282 gladium
729 3199 945 3280 recondamus,
975 3202 1012 3262 ut
1041 3217 1104 3263 non
1126 3199 1228 3264 solum
1251 3197 1370 3263 inuicem

197 3325 224 3366 20
249 3319 312 3366 non
341 3301 512 3366 inieramus
542 3303 681 3385 iniurias,
716 3303 770 3368 sed
805 3321 862 3368 nec
895 3302 934 3368 ab
969 3303 1038 3368 aliis
1068 3303 1241 3368 sentiamus
1270 3301 1368 3367 illatas.

355 3491 384 3561 8]
402 3491 483 3547 Exod.
497 3493 540 3556 34,
554 3493 594 3548 12.

292 3666 731 3722 amnemamnem
748 3665 885 3722 aedicolae
897 3665 1051 3721 Parisinus:
1067 3669 1138 3720 3780
1152 3681 1220 3721 saec
1234 3661 1372 3728 1111111),

248 3757 319 3809 2167
336 3769 403 3808 saec.
417 3753 502 3808 xm
517 3753 575 3821 (Β),
594 3757 682 3808 13333
698 3771 765 3809 suec.
778 3753 848 3808 ΧΠ
861 3751 922 3821 (0);
940 3767 1026 3806 sermo
1046 3751 1127 3805 fausti
1145 3751 1258 3821 episcopi
1275 3747 1306 3802 ad
1324 3763 1373 3802 mo
1439 3745 1440 3784 ³

250 3839 348 3893 nachos
366 3839 468 3908 primus
486 3839 513 3893 A
531 3839 590 3908 (sol.
603 3839 654 3909 2'),
678 3839 774 3908 incipit
796 3855 882 3893 sermo
905 3838 988 3892 fausti
1012 3837 1127 3908 episcopi
1146 3837 1180 3891 ad
1198 3835 1373 3892 monachosB
1439 3847 1440 3916 j

248 3917 308 3995 (soil.
324 3927 376 3994 2'),
400 3925 507 3994 explicit
529 3925 646 3980 homelia
667 3927 692 3980 X
714 3926 748 3979 ad
771 3926 922 3980 monachos.
956 3925 1052 3994 incipit
1074 3940 1160 3979 sermo
1182 3923 1263 3979 fausti
1284 3921 1325 3992 apr
1345 3919 1374 3974 nd
1439 3917 1440 3980 J

249 4012 356 4067 eosdem
380 4012 550 4082 O(sol.30')
603 4013 673 4068 lad
691 4013 850 4082 locum-p.
863 4016 953 4080 315,8
970 4011 1092 4082 uirtutis]
1111 4015 1146 4082 of.
1160 4013 1257 4068 Eruet.
1269 4011 1376 4066 11111133
1439 4043 1440 4046 =

250 4101 335 4168 (Bono.
344 4106 419 4168 patr.
432 4117 503 4154 mac.
518 4099 608 4170 Lupd.
627 4101 730 4155 171659
744 4099 781 4166 G)
834 4099 920 4155 dhus
938 4117 988 4154 cnr.
1001 4100 1057 4154 AB
1110 4097 1187 4152 uieiis
1204 4099 1231 4153 Β
1281 4093 1377 4149 luicis

251 4185 341 4254 ABG,
360 4185 446 4242 uitae
498 4185 699 4254 pronunciatB
752 4184 1091 4254 8sedusABO,sademo
1144 4187 1177 4241 lo
1189 4183 1270 4238 hostis
1282 4181 1332 4236 iste
1346 4181 1378 4234 Cn
1439 4207 1440 4272 1

252 4274 282 4327 11
302 4275 391 4340 potest
412 4271 450 4328 Oc
466 4279 578 4342 europe
591 4273 648 4328 loco
711 4273 744 4328 13
761 4272 866 4328 intare
928 4273 960 4327 15
979 4287 1040 4340 ergo
1058 4289 1138 4328 omo
1196 4274 1228 4328 16
1245 4267 1378 4324 conuitio

251 4361 282 4423 1⁷
301 4357 454 4419 moriture
508 4360 539 4414 le
558 4356 731 4414 retundamus
753 4358 791 4415 Co
842 4360 874 4414 ut
890 4360 927 4429 A,
945 4375 996 4416 om.
1008 4356 1078 4416 Boe
