2920 4928
519 420 760 489 Prolegomena.
1112 419 1210 474 XXXV

86 598 184 679 gratia,
206 599 258 662 tol.
275 595 410 660 62—41'
427 597 506 661 liber
528 597 657 680 primus,
681 597 733 661 fol.
750 595 806 658 41¹
823 597 959 679 capitula
981 595 1051 660 libri
1072 597 1209 678 secundi,

87 699 300 764 101.41“-69“
323 701 401 766 liber
424 702 588 766 secundus.

122 803 260 870 (iadicem
292 806 480 888 quibusdam
507 807 582 870 locis
609 806 736 889 grauim
764 805 986 869 detrimentum
1014 805 1131 888 cepisse
1159 805 1209 869 uel

85 910 177 990 potius
200 911 405 993 archetypum
420 909 518 974 tuisse
534 910 717 974 lacunosum
734 913 788 974 aut
804 909 1004 992 neglegenter
1020 910 1209 992 descriptum

85 1031 147 1076 cum
165 1033 200 1077 er
219 1015 426 1098 capitulorum
447 1013 598 1078 indicibus
618 1032 690 1078 cum
707 1014 782 1096 ipsis
799 1013 939 1096 opusculi
956 1013 1109 1096 capitibus
1125 1032 1210 1077 com-

85 1119 189 1198 paratis
211 1120 279 1182 tum
303 1137 339 1182 ex
361 1119 437 1182 locis
453 1136 472 1182 a
487 1118 644 1182 Maxentio
668 1117 720 1200 (ct.
738 1136 832 1200 supra
854 1137 884 1200 p.
901 1117 1006 1200 XVII)
1030 1118 1133 1182 allatis
1157 1118 1210 1181 de-

85 1223 318 1287 monstrauimus
341 1223 373 1286 in
396 1223 508 1286 studiis
524 1222 701 1286 Faustianis
724 1241 753 1306 p.
771 1219 791 1283 8
808 1240 874 1304 sqq.
898 1222 987 1286 deest
1010 1222 1093 1285 enim
1108 1225 1208 1286 totum

84 1325 139 1388 lere
165 1328 337 1410 capitulum
360 1327 418 1390 XV
444 1326 517 1391 libri
544 1328 654 1410 prioris
682 1345 746 1390 una
772 1345 843 1390 cum
871 1326 931 1390 fine
955 1327 1081 1410 capituli
1104 1327 1209 1406 XIIII,

83 1431 243 1512 capitulum
267 1431 329 1496 VII
356 1431 429 1496 libri
456 1433 636 1514 posterioris
663 1432 821 1515 integrum
849 1449 913 1495 una
939 1449 1010 1495 curn
1037 1431 1098 1494 line
1122 1435 1210 1494 ante-

82 1534 210 1600 cedentis
231 1540 264 1600 et
283 1535 371 1600 initio
392 1535 552 1617 sequentis
572 1536 710 1619 capituli,
733 1536 869 1617 itemque
890 1535 960 1599 finis
981 1535 1109 1618 capituli
1129 1535 1209 1598 eius-

82 1637 145 1702 dem
167 1639 237 1704 libri
259 1639 306 1704 XI
329 1641 361 1704 et
383 1640 507 1704 initium
530 1640 657 1722 capituli
673 1639 745 1704 XII.
783 1659 884 1722 neque
904 1657 977 1704 uero
993 1639 1122 1702 lacunae
1137 1639 1209 1702 illae

83 1742 109 1805 in
137 1747 240 1808 nostro
272 1745 377 1808 codice
408 1744 482 1808 solis
513 1743 609 1808 oculis
641 1744 774 1808 discerni
804 1747 951 1827 possunt,
985 1762 1056 1807 cum
1087 1744 1209 1806 nullum

81 1845 202 1912 lacunae
233 1849 358 1932 signum
389 1852 498 1912 exstet.
538 1851 604 1912 erat
634 1848 715 1911 enim
747 1848 784 1927 is,
814 1848 867 1929 qui
894 1847 1030 1911 codicem
1061 1849 1210 1926 erarauit,

81 1949 166 2016 bomo
189 1953 331 2033 stolidus
354 1953 416 2034 qui,
440 1953 513 2034 quid
536 1951 695 2032 scriberet,
719 1952 847 2016 minime
863 1956 994 2016 curaret.
1022 1970 1133 2034 neque,
1157 1952 1209 2033 qui

80 2059 180 2134 postea
203 2055 321 2120 librum
344 2057 420 2140 legtt
443 2059 475 2120 et
497 2056 629 2120 correxit
656 2055 802 2138 (alteram
829 2055 942 2120 codicis
966 2073 1094 2120 manum
1118 2055 1210 2120 intel-

79 2157 166 2242 lego),
189 2161 339 2225 maiorem
361 2161 487 2225 laudem
511 2164 657 2241 meretur,
681 2179 753 2224 cum
776 2162 808 2225 in
829 2161 976 2226 addendis
997 2161 1128 2244 singulis
1148 2161 1210 2243 syl-

80 2261 153 2326 labis
180 2265 230 2328 001
259 2265 424 2330 sententiis
452 2265 576 2330 omissis
604 2265 668 2329 iere
692 2265 895 2347 adquieuerit,
923 2266 1050 2329 lacunas
1077 2265 1209 2328 maiores

79 2371 265 2433 autemnon
295 2370 495 2453 perspexerit.
535 2369 589 2433 sed
620 2371 734 2450 nescio,
765 2388 805 2434 an
836 2369 956 2434 duobus
987 2369 1047 2434 illis
1075 2368 1209 2433 librariis

78 2473 187 2552 gratias
212 2491 352 2557 agamus.
392 2473 612 2538 abstinuerunt
635 2474 720 2538 enim
743 2474 788 2538 illi
810 2473 1113 2557 interpolationibus,
1137 2489 1210 2536 oon-

78 2575 210 2658 iectnris,
241 2578 513 2642 emendationibus
545 2579 598 2659 ita,
628 2582 664 2642 ut
694 2577 804 2644 Fausti
834 2597 963 2643 manum
994 2582 1117 2642 tantum
1147 2596 1208 2641 non

78 2679 187 2763 utrique
209 2683 293 2746 facili
316 2683 440 2766 negotio
462 2701 644 2766 recuperare
667 2683 832 2766 possimus.

117 2784 184 2866 Qua
199 2787 236 2850 de
260 2803 355 2850 causa
376 2787 438 2850 iam
454 2789 599 2867 retracto,
623 2805 702 2868 quae
719 2787 793 2852 olim
813 2787 990 2870 suspicatus
1010 2804 1091 2865 sum,
1114 2785 1211 2850 uerba

78 2905 104 2968 p.
121 2887 149 2968 7,
164 2887 207 2952 26
230 2897 259 2952 et
280 2887 504 2975 perbennacnla
527 2898 671 2952 tractare
693 2911 757 2953 non
779 2898 902 2952 norunt
922 2891 1109 2974 interpolata
1129 2909 1207 2970 esse,
1307 2897 1310 2904 '

78 2995 153 3073 quod
185 2994 351 3059 antecedat
380 3015 418 3057 ac
449 3003 626 3078 temperare
655 2993 879 3058 moderamina
911 2994 1073 3070 nesciunt,
1107 3011 1208 3076 nequa

78 3099 206 3181 amplius
230 3099 321 3162 eredo
345 3097 442 3162 uerba
464 3119 493 3182 p.
513 3097 620 3179 11,13
642 3098 844 3184 stipendium
864 3099 988 3184 pcccati
1006 3095 1091 3161 mors
1113 3100 1208 3163 inter-

77 3203 201 3281 polatori
232 3202 353 3283 deberi,
382 3203 479 3267 immo
510 3203 598 3267 colon
629 3204 815 3268 antecedens
846 3203 947 3268 delere
978 3204 1107 3286 eiusque
1140 3203 1207 3266 loco

76 3311 223 3386 punctum
255 3325 380 3371 exarare
410 3305 574 3388 debebam,
605 3325 679 3372 nam
710 3308 761 3372 hic
791 3327 889 3390 aeque
920 3327 956 3372 ac
987 3308 1040 3372 lin.
1065 3305 1105 3369 10
1131 3307 1208 3371 baec

76 3409 167 3474 uerba
194 3410 351 3475 al'austo
381 3412 509 3476 consilio
538 3415 721 3494 repetuntur
749 3416 780 3476 01
806 3412 845 3476 ad
873 3415 1055 3494 sequentem
1082 3415 1208 3475 senten-

75 3513 147 3578 tiam
174 3515 338 3580 reierenda
365 3519 447 3579 sunt.
486 3516 580 3580 etiam
609 3535 638 3599 p.
655 3513 708 3596 22,
727 3513 767 3578 12
794 3515 945 3580 Faustum
973 3517 1077 3600 ipsum
1103 3516 1207 3579 locum

76 3637 108 3680 er
123 3619 258 3702 epistula
274 3619 410 3682 secunda
424 3619 515 3682 Pauli
531 3619 570 3683 ad
586 3618 880 3684 Thessalonicenses
901 3620 1083 3684 laudantem
1105 3620 1207 3684 dicere

75 3723 226 3803 0010100οε
257 3719 414 3785 similiter
443 3731 473 3785 at
503 3721 549 3786 ad
582 3720 877 3787 Thessalonicenses
908 3723 1078 3786 secanda
1107 3743 1207 3806 neque

75 3831 243 3892 extremam
266 3845 376 3892 uocem
399 3828 653 3910 interpolatorem
678 3847 844 3893 numerum
868 3829 900 3892 II
923 3848 960 3892 er
983 3829 1123 3912 margine
1146 3829 1207 3892 buc

75 3931 283 3996 lntmdentern
312 3931 467 3995 addidisse
491 3932 567 3996 mihi
589 3934 740 4015 persuasi,
768 3951 839 3996 cum
867 3933 975 3998 eodem
1001 3933 1093 4016 plane
1116 3933 1206 3997 modo

74 4035 150 4100 dicat
172 4037 309 4100 Faustus
332 4054 361 4117 p.
386 4033 456 4116 124,
476 4033 497 4100 3
520 4033 565 4098 ad
590 4033 775 4099 Corinthios
797 4035 942 4122 prima,
973 4035 1106 4118 12010
1132 4036 1207 4100 itam

74 4137 115 4200 cd
140 4139 326 4204 Corinthios
349 4138 527 4202 secunda.

113 4243 224 4326 ltaque
243 4262 298 4328 pro
318 4247 401 4308 certo
421 4244 601 4309 habendum
621 4247 669 4310 001
689 4243 767 4310 nihil
783 4245 814 4310 in
830 4245 889 4310 hoo
905 4246 1008 4312 codice
1024 4265 1091 4310 esse
1111 4245 1207 4310 inter·

74 4349 221 4427 potatum.
252 4348 402 4430 quidquid
433 4353 537 4413 autem
566 4349 749 4414 mendosum
778 4355 837 4430 est,
868 4369 904 4415 er
933 4351 981 4414 his
1012 4351 1076 4414 tere
1104 4351 1206 4416 causis

1020 4453 1051 4503 ,e
