2954 4930
428 424 652 494 Epistularum
670 423 752 478 lib.I
771 427 879 480 11-12.
1156 423 1220 490 365

81 601 199 684 geretis
223 617 295 670 eam¹
315 617 378 664 non
400 618 455 683 pro
479 601 672 682 eloquentiae
694 601 809 684 lepore,
834 601 889 666 sed
910 619 966 683 pro
988 604 1092 666 nestro
1116 595 1220 666 amore

82 705 253 786 copiosam,
287 704 453 786 simulque,
487 705 559 788 quia
590 704 727 770 sciebam
757 705 983 770 sublimitatem
1016 709 1154 770 uestram
1188 706 1220 768 in

83 809 195 872 amicis
229 810 344 874 uestris
374 810 445 893 plns
478 809 704 893 reprehendere
736 809 958 874 taciturnitatis
992 810 1220 890 uerecundiam,

83 931 181 994 quam
203 913 366 996 loquacem
388 914 613 980 familiaritatis
636 914 807 979 audaciam.

616 1070 688 1135 XII.

329 1213 438 1256 DOMNO
461 1214 611 1256 sudamus
634 1214 684 1256 sul
707 1214 804 1256 OELEO
827 1213 981 1257 uumerus,

129 1329 262 1414 Trepido
285 1331 317 1395 in
339 1332 540 1413 praeconium
562 1335 703 1396 uestrum
726 1349 759 1396 os
783 1332 905 1415 elingue
921 1347 1070 1411 reserare,
1093 1331 1143 1394 cui
1159 1330 1221 1394 seio

82 1437 152 1499 iure
176 1436 273 1500 etiam
295 1437 420 1520 ingenia
442 1438 561 1500 maiora
579 1417 794 1500 succumbere.
830 1435 903 1518 quid
926 1436 1010 1500 enim
1032 1435 1169 1519 primum
1185 1435 1222 1498 de

85 1539 261 1604 affectionis
292 1543 346 1604 aut
379 1541 565 1624 dignationis
599 1543 722 1604 uestrae
755 1540 846 1604 laude
879 1525 1135 1619 commemorem,
1170 1538 1223 1620 qui

84 1662 196 1708 omnes
220 1644 297 1708 mihi
319 1645 409 1724 ruris,
433 1645 527 1709 moris
551 1648 591 1724 et,
614 1645 696 1726 quod
718 1643 766 1708 his
790 1643 934 1708 omnibns
959 1643 1059 1708 maius
1083 1647 1140 1723 est,
1172 1661 1223 1706 oa·
1251 1667 1275 1704 10

84 1749 188 1812 nitatis
211 1748 335 1813 delicias
359 1749 543 1829 contulistis,
567 1751 622 1813 aut
644 1751 736 1829 certe,
760 1748 786 1812 si
809 1748 884 1830 quid
906 1747 1015 1812 horum
1039 1748 1147 1826 defuit,
1171 1747 1224 1810 de-

84 1852 264 1936 putandum
293 1853 437 1935 tempori,
468 1871 530 1917 non
560 1852 650 1916 uobis
681 1856 730 1916 est
758 1852 976 1935 inputandam.
1021 1869 1096 1916 nam
1122 1854 1223 1916 toturn

85 1956 171 2038 apud
201 1974 267 2036 uos,
299 1956 381 2038 quod
411 1974 518 2020 carum
549 1959 668 2038 pectus,
700 1955 781 2039 quod
804 1955 913 2020 habuit
935 1957 1054 2020 clarum
1076 1955 1222 2036 mundns,

84 2061 204 2140 inueni,
235 2061 323 2125 nulla
352 2079 402 2124 me
432 2061 558 2144 penitus
588 2060 779 2125 iocunditate
806 2060 985 2124 fraudastis.
1032 2059 1224 2142 quinetiam

85 2163 293 2228 desiderabile
324 2164 401 2228 mihi
427 2164 582 2248 hospitioli
605 2165 666 2228 mei
680 2164 847 2228 desertum
870 2167 977 2228 uestra
998 2164 1155 2228 uicinitate
1178 2163 1224 2226 fe·
1251 2185 1275 2224 rs

85 2269 184 2332 cistis.
232 2272 264 2332 et
293 2267 406 2332 idcireo
436 2287 487 2332 me
514 2269 614 2352 magis
637 2267 806 2332 finitimum
829 2267 918 2332 uobis
943 2287 1011 2332 esse
1034 2267 1223 2352 congaudeo,

85 2373 162 2454 quia
185 2390 248 2436 non
270 2389 306 2436 ox
329 2375 394 2436 toto
418 2373 519 2436 malus
543 2375 601 2453 est,
625 2373 677 2455 qui
698 2372 789 2437 bonis
812 2373 959 2456 iungitur.

131 2475 193 2542 Sed
224 2495 263 2540 ne
294 2476 436 2540 exhibeat
464 2476 552 2541 uobis
578 2476 676 2558 [esse]
700 2476 818 2559 ineptia
841 2476 890 2540 sui
912 2476 1032 2560 longior
1055 2492 1157 2540 sermo
1179 2475 1226 2538 fa-

85 2580 230 2660 stidium,
261 2580 347 2644 salue
377 2581 590 2665 largissimum
620 2580 686 2644 dieo
718 2583 750 2644 et
776 2581 948 2660 nitrarium,
979 2579 1058 2644 sicut
1080 2579 1225 2659 iussistis,

85 2704 139 2748 me
156 2685 332 2748 destinasse
348 2684 496 2768 significo,
520 2686 608 2749 cuius
624 2703 701 2768 opus
718 2684 827 2764 nitore,
844 2701 906 2748 non
921 2685 1090 2768 fragilitate
1106 2685 1227 2766 oportet
1253 2705 1278 2744 so

85 2789 240 2868 imitetur,
263 2793 298 2852 ut
316 2788 449 2869 dilectio,
473 2806 551 2870 quae
567 2789 655 2854 nobis
672 2787 885 2871 aparentibus
900 2788 1018 2868 relicta,
1042 2805 1061 2851 a
1076 2787 1227 2870 magistro

84 2892 215 2972 tradita,
245 2893 328 2958 uitae
351 2893 569 2958 communione
592 2891 717 2957 firmata
740 2895 797 2972 est,
825 2891 968 2956 secundis
992 2892 1145 2971 elimetur,
1174 2889 1227 2953 ad-

84 2997 190 3060 uersis
221 2996 307 3062 nulla
337 2997 460 3079 penitus
491 2996 653 3061 turbinum
676 2997 811 3080 procella
833 2997 1005 3080 frangatur.
1052 3013 1125 3059 nam
1148 2993 1229 3058 sicut

86 3101 159 3165 auri
183 3103 277 3182 atque
301 3101 423 3184 argenti
445 3101 580 3184 pretiosa
603 3101 776 3181 sinceritas,
807 3100 833 3164 si
856 3100 934 3164 aeris
958 3103 1013 3164 aut
1033 3097 1155 3182 plumbi
1177 3097 1228 3161 uel

83 3203 259 3270 cuiuslibet
280 3205 408 3270 altanus
432 3205 580 3268 materiae
602 3204 720 3268 uilioris
742 3205 845 3268 fuerat
866 3203 1054 3268 admixtione
1073 3205 1227 3284 eormpta,
1255 3224 1280 3265 re

84 3308 152 3374 nisi
176 3307 296 3390 ignium
319 3307 548 3372 examinatione
571 3311 731 3392 purgetur,
754 3326 812 3372 nec
835 3307 1033 3390 splendorem
1052 3307 1228 3370 naturalem

82 3413 205 3498 poterit
233 3412 349 3478 habere
376 3431 434 3477 noe
456 3429 579 3493 sonum,
609 3430 684 3477 nam
707 3430 764 3477 neo
786 3412 870 3476 uisui
892 3411 1065 3476 claritatem
1087 3429 1145 3476 nec
1167 3411 1229 3474 tin-

83 3518 195 3582 nitum
218 3516 318 3580 reddit
341 3517 461 3580 auditui
484 3517 646 3601 magisque
668 3533 799 3580 raucum
820 3518 955 3596 resonat,
987 3515 1014 3580 si
1035 3514 1174 3595 feriatur,
1198 3516 1229 3578 et

82 3620 261 3688 stridulum
283 3640 473 3683 *sanasset

131 3810 259 3914 3p1u⁸S
311 3844 541 3913 ipreeoniumS
591 3844 756 3913 elingueeS
811 3845 843 3899 10
861 3842 955 3912 moris]
973 3843 1026 3896 oris
1044 3843 1229 3899 coniciendum

80 3933 202 3988 uidetur
219 3948 242 3999 o,
261 3931 375 3984 nemoris
392 3932 444 3986 Kc.
500 3933 530 3986 11
551 3930 697 3987 diliciasS
749 3932 782 3986 14
800 3930 945 4001 penitusS
997 3931 1029 3986 ld
1047 3927 1232 3997 congaudioS

83 4023 119 4076 18
140 4015 221 4072 uobis
240 4015 319 4086 [esse]
337 4018 444 4086 scripsi,
462 4015 515 4072 uolt
529 4033 584 4070 esee
598 4019 627 4086 S,
646 4035 671 4070 u.
684 4017 742 4086 ipsa
754 4035 778 4084 o,
796 4015 872 4070 uobis
884 4031 930 4070 sou
942 4017 993 4071 Kr.
1047 4015 1100 4084 sui]
1119 4031 1164 4068 seu
1177 4015 1229 4070 Kr.

79 4111 118 4163 20
140 4103 285 4158 distinmse
305 4103 328 4160 S
378 4107 410 4160 21
430 4121 496 4160 uum
514 4105 651 4158 imitemur
663 4104 856 4160 scabendum?
909 4109 998 4158 conte
1010 4102 1138 4171 magistro
1150 4119 1231 4158 omo

80 4197 119 4250 22
150 4197 217 4246 usam
243 4190 365 4244 secundis
382 4191 414 4246 io
436 4191 459 4248 S
479 4207 579 4246 rasura
600 4193 670 4248 2-3
697 4192 849 4246 literarum
879 4195 966 4245 matut
1016 4189 1050 4244 23
1067 4187 1233 4257 paenitusS

80 4283 118 4336 24
139 4277 306 4348 preciosas
374 4280 407 4333 25
426 4276 541 4333 fuerito
610 4279 645 4332 26
662 4279 827 4345 purgatura
896 4279 930 4332 29
952 4278 1078 4332 loouaom
1095 4273 1231 4330 indicauit

79 4367 277 4424 Momm-secus
