2920 4930
245 411 287 474 30
705 411 725 463 1.
745 411 789 462 De
807 410 915 478 gratia

244 587 431 668 deprauatus
455 587 624 668 adpeteret,
648 587 679 649 in
700 585 821 649 arbitrii
837 586 981 650 libertate
997 586 1186 668 permissum
1202 586 1261 650 sibi
1277 587 1378 665 sciret,

243 691 334 754 licere
358 691 502 769 nesciret,
527 691 552 752 si
576 695 681 754 autem
705 691 822 753 bonum
839 694 974 772 cuperet,
998 689 1152 753 actionem
1169 695 1201 754 et
1216 691 1380 773 perfectio-

243 813 316 859 nem
339 795 405 858 eius
429 813 447 858 a
469 794 628 858 conditore
651 795 839 876 deposceret,
864 794 901 858 ed
925 794 1102 857 mercedem
1123 813 1196 858 uero
1212 795 1296 858 illius
1313 795 1379 858 offi-

243 900 327 962 ciosa
353 899 476 962 deuotio
499 899 677 980 pertineret.
717 903 749 962 ct
779 899 846 961 ideo
876 899 1011 962 hominis
1040 899 1189 963 formator
1219 905 1250 962 et
1279 905 1379 964 rector

204 1020 216 1058 ⁵
242 1002 343 1066 bonae
366 1002 539 1066 uoluntatis
562 1003 680 1066 homini
704 1002 867 1085 deputauit
889 1021 992 1080 usum,
1017 1002 1076 1066 sibi
1096 1004 1270 1067 reseruanit
1288 1004 1378 1067 ellec-

243 1113 321 1170 tum.
354 1125 415 1170 non
440 1124 512 1188 ergo
536 1124 671 1187 aequum
694 1106 873 1187 iustumque
896 1107 950 1169 uni
967 1107 1047 1170 uelle
1064 1108 1220 1170 concessit
1243 1112 1274 1170 et
1290 1109 1378 1170 alteri

243 1211 419 1292 denegant,
448 1210 502 1272 sed
526 1211 605 1274 sicut
627 1209 711 1273 omni
734 1210 853 1272 homini
877 1229 1003 1274 manum
1027 1210 1152 1274 oculum
1175 1229 1377 1293 gressumque

243 1314 381 1393 donauit,
405 1314 449 1378 ita
471 1314 615 1377 simililer
638 1315 723 1377 omui
739 1314 855 1377 bomini
872 1314 1078 1393 uoluntatem,
1102 1319 1137 1378 ut
1153 1333 1222 1378 eam
1238 1315 1270 1377 in
1286 1333 1377 1396 quas-

243 1419 321 1482 libet
349 1421 454 1500 partes
486 1423 635 1497 comeret,
667 1418 805 1481 indulsit.
845 1418 965 1481 lustitia
995 1437 1067 1501 ergo
1097 1421 1127 1482 in
1160 1419 1286 1482 homine
1318 1438 1376 1482 non

192 1541 217 1578 ιο
242 1523 422 1606 personale,
457 1523 510 1586 sed
540 1523 684 1606 gencrale
712 1525 742 1585 et
768 1521 928 1603 publicum
959 1522 1008 1586 dei
1039 1542 1153 1587 munus
1182 1527 1238 1587 est.
1275 1523 1375 1587 aditus

243 1627 450 1709 capessendae
474 1627 584 1690 salutis
608 1627 697 1708 quasi
720 1627 790 1690 fons
806 1626 932 1708 quidam
955 1627 986 1690 in
1009 1627 1145 1690 medium
1163 1628 1271 1691 mundi
1286 1628 1376 1692 huius

243 1732 400 1813 expositus
424 1734 456 1794 et
479 1731 510 1794 in
533 1748 698 1794 commune
726 1749 891 1794 concessus
923 1731 961 1794 ad
989 1731 1195 1794 hauriendum
1223 1733 1375 1795 uniuersis

242 1840 339 1918 patet,
363 1839 398 1898 ut
420 1835 558 1917 largitori
582 1835 693 1898 merito
717 1853 787 1898 reus
812 1836 862 1914 sit,
887 1835 939 1916 qui
962 1835 1085 1898 haurire
1110 1836 1291 1917 neglexerit.

286 1939 440 2003 Omnibus
463 1939 568 2020 itaque
592 1937 733 2002 oblatum
758 1943 815 2018 est,
839 1938 919 2019 quod
935 1937 973 2001 ab
990 1937 1136 2002 omnibus
1151 1939 1375 2020 reposcendum

192 2059 215 2097 n
243 2049 300 2107 est.
339 2062 412 2107 nam
440 2043 466 2106 si
493 2043 573 2106 circa
603 2042 749 2122 neminie,
779 2046 814 2106 ut
844 2043 959 2122 dicum,
990 2043 1125 2106 salutem
1156 2044 1300 2125 specialis
1331 2047 1377 2106 est

242 2148 442 2230 dispensatio,
473 2147 576 2210 nescio
607 2146 760 2229 quomodo
790 2146 944 2229 generalis
973 2147 1089 2228 poterit
1117 2165 1184 2210 esse
1215 2147 1375 2211 discussio.

243 2253 296 2316 sed
320 2271 391 2315 cum
415 2251 513 2314 dicat:
538 2269 662 2314 omnes
685 2269 750 2314 nos
774 2251 1011 2314 manifestari
1034 2253 1182 2332 oportet
1205 2255 1290 2314 ante
1314 2252 1376 2314 tri·

242 2355 354 2420 bunal
386 2355 458 2434 dei,
491 2373 553 2418 non
585 2373 654 2418 eam
685 2354 724 2418 ab
755 2354 901 2419 omnibus
931 2353 1111 2418 terribiliter
1141 2355 1287 2438 erigeret,
1319 2356 1377 2418 nisi

242 2461 386 2525 omnibus
411 2461 648 2524 misericorditer
671 2459 845 2524 obtulisset.
885 2460 979 2542 igitur
1005 2461 1037 2522 in
1064 2461 1225 2542 procinctu
1248 2461 1376 2524 militiae

190 2579 216 2616 20
242 2567 444 2628 constitutum
474 2565 518 2628 ita
548 2565 706 2648 apostolus
737 2564 935 2628 adhortatur:
966 2563 1095 2627 labora
1124 2565 1229 2645 quasi
1260 2563 1376 2628 bonus

242 2670 350 2733 miles
375 2668 526 2733 Christi.
564 2687 669 2732 nemo
693 2669 862 2732 militans
886 2669 951 2731 deo
974 2669 1130 2749 inplicat
1152 2687 1189 2730 se
1213 2669 1376 2750 negotiis

242 2773 516 2853 saecularibus,
540 2777 580 2836 ut
603 2773 633 2836 ei
656 2773 818 2856 placeat,
843 2773 901 2836 cui
924 2793 961 2836 se
985 2772 1170 2855 probauit.
1210 2791 1291 2836 nam
1315 2771 1376 2854 qni

241 2879 278 2942 in
302 2896 417 2962 agone
441 2876 648 2956 contendit,
672 2895 741 2941 non
765 2881 979 2956 coronatur,
1008 2877 1080 2940 nisi
1108 2876 1274 2959 legitime
1303 2895 1377 2940 cer-

242 2983 395 3062 tauerit,
419 2985 450 3044 et
473 2983 602 3045 iterum:
633 2980 865 3044 laborantem
893 2981 1096 3065 agricolam
1126 2983 1273 3062 oportet
1305 2981 1377 3061 pri-

189 3098 215 3137 aa
242 3105 337 3150 mum
362 3086 402 3148 de
425 3085 612 3149 fructibus
635 3085 813 3166 accipere.
853 3087 924 3148 audi
952 3089 984 3148 ot
1014 3085 1075 3148 alio
1105 3085 1171 3148 loco
1200 3084 1376 3164 apostolum

242 3209 303 3253 non
326 3193 381 3252 tua
403 3189 466 3252 otia
488 3189 736 3271 praedicantem:
761 3189 802 3251 de
825 3193 962 3268 cetero,
985 3190 1095 3270 inquit,
1118 3189 1270 3266 fratrem
1295 3205 1378 3250 oon-

242 3295 435 3358 fortamini
459 3295 494 3357 in
518 3294 662 3357 domino
691 3293 785 3356 etin
808 3295 980 3374 potentia
1009 3293 1165 3356 uirtutis
1197 3293 1285 3356 eius.
1326 3292 1378 3354 in-

243 3397 343 3461 duite
366 3416 430 3461 uos
454 3401 642 3462 armatura
665 3397 736 3476 dai,
760 3401 799 3460 ut
818 3397 974 3479 possitis
999 3401 1099 3461 stare
1123 3396 1302 3460 aduersus
1326 3395 1378 3458 in-

242 3502 358 3566 sidias
376 3501 524 3566 diaboli.
554 3502 638 3583 quia
659 3520 729 3566 non
746 3504 802 3565 cst
817 3499 924 3564 nobis
944 3501 1174 3564 conluctatio
1195 3500 1377 3563 aduersus

189 3617 215 3656 ³⁰
242 3625 390 3670 carnem
414 3609 450 3668 et
473 3607 708 3689 sanguinem,
739 3605 801 3668 sed
833 3606 1014 3668 aduersus
1043 3605 1231 3688 principes
1259 3609 1296 3667 et
1318 3623 1379 3686 po-

241 3713 415 3790 testates,
439 3710 618 3773 aduersus
642 3710 768 3773 mundi
792 3714 958 3773 rectores
981 3709 1219 3772 tenebrarum
1236 3709 1378 3788 harum,

346 3917 579 3987 mosontio.
624 3917 850 3986 amerinae.
895 3915 1120 3985 caterinae.
1162 3913 1378 3984 eotnpnono.

284 4091 485 4158 biustumquac
504 4093 531 4144 P
599 4089 798 4158 ldenaegauit
820 4091 846 4143 P
913 4105 1101 4157 gressumqnae
1125 4090 1151 4142 P
1219 4091 1335 4157 sparte
1355 4091 1382 4145 P

240 4177 387 4247 quamlibet
404 4183 540 4246 partemu
612 4180 641 4232 11
662 4176 817 4245 capisendae
836 4177 863 4230 P
926 4175 1152 4231 recurrentur>
1217 4178 1249 4230 13
1267 4178 1381 4230 meritur

240 4267 297 4318 cius
316 4266 342 4318 P
387 4265 450 4332 quia
468 4264 553 4316 aurire
573 4265 600 4318 P
646 4267 678 4320 18
697 4262 895 4317 terrebilitch
941 4267 1060 4330 exegeret
1079 4264 1105 4316 P
1152 4265 1184 4317 19
1201 4262 1383 4330 procinctoP

240 4355 417 4408 22nameto
452 4353 486 4404 24
499 4350 682 4418 agriculamP
719 4349 877 4406 25deom.o
916 4352 950 4404 28
963 4353 1125 4402 armaturam
1139 4369 1155 4404 o
1194 4347 1383 4406 acetabuli?
