2924 4924
242 347 305 444 248
691 381 757 435 1111.
777 381 885 435 sermo
904 385 927 436 ι.

242 556 403 622 dominum
434 575 495 622 non
527 561 593 622 tam
623 558 743 622 leuauit
773 557 857 623 unda
885 577 980 641 quam
1010 560 1075 624 lota
1106 563 1162 624 est.
1209 559 1267 624 tibi
1299 559 1371 622 enim

242 660 386 726 Christus
403 662 560 727 nascendo
576 663 713 743 aduenit,
738 662 794 726 tibi
810 663 943 728 uiuendo
967 664 1125 744 militabit,
1149 663 1207 728 tibi
1221 663 1372 729 moriendo

241 765 387 832 conflixit.
427 786 519 849 quem
541 767 628 831 uides
651 785 707 850 pro
730 770 761 830 te
785 770 954 849 mortuum,
978 786 1034 852 pro
1057 773 1087 832 te
1110 768 1258 852 intellege
1281 766 1372 851 bapti·

241 874 355 936 catum.
406 871 510 953 itaque
535 871 677 936 Christus
701 871 845 936 dominus
869 871 969 955 qualis
996 877 1069 954 post
1095 871 1288 955 baptismum
1308 870 1371 936 talis

201 1001 215 1042 s
242 976 368 1040 omnino
385 976 480 1040 etiam
496 979 569 1040 ante
591 975 786 1058 baptismum
808 976 877 1040 fuit.
911 981 942 1040 et
964 977 1031 1042 ideo
1054 995 1237 1061 praecursor
1253 978 1318 1042 eius
1332 979 1372 1040 at

239 1099 300 1163 que
322 1079 461 1162 baptista
483 1081 537 1160 ita,
561 1099 633 1144 cum
649 1081 689 1144 ad
712 1099 785 1144 eum
808 1079 1015 1164 baptizandus
1039 1082 1171 1162 ueniret,
1195 1081 1369 1164 alloquitur:

240 1203 321 1268 ago,
345 1184 508 1265 domine,
536 1189 611 1248 ate
635 1185 821 1268 baptizari
844 1185 958 1251 debeo
982 1189 1018 1249 et
1045 1191 1084 1250 tu
1106 1186 1213 1250 uenis
1238 1186 1281 1250 ad
1303 1187 1370 1249 mel

240 1289 314 1371 quid
345 1289 521 1354 euidentius
552 1288 589 1354 de
621 1288 736 1354 Christi
767 1289 906 1354 nondum
940 1290 1091 1372 baptizati
1121 1291 1271 1374 puritate,
1304 1288 1371 1371 quid

239 1394 370 1459 lortius?
409 1412 465 1478 ego
489 1412 508 1457 a
530 1399 561 1458 te
584 1393 681 1459 debeo
711 1393 871 1478 baptizari,
902 1395 1015 1476 idest,
1046 1396 1099 1476 qui
1128 1395 1198 1459 lons
1229 1414 1262 1458 es
1293 1395 1371 1458 inno

187 1523 212 1561 ιο
238 1497 359 1563 centias
383 1501 415 1561 et
436 1497 596 1580 plenitudo
619 1497 765 1578 iustitiae,
789 1499 841 1580 qui
864 1498 950 1562 nullo
973 1498 1117 1582 indigens
1133 1499 1207 1563 dare
1231 1499 1301 1579 scis,
1323 1517 1371 1561 no·

239 1603 299 1667 sois
331 1601 479 1684 accipere,
511 1619 578 1686 ego,
609 1602 720 1684 inquit,
752 1619 771 1666 a
800 1607 831 1666 te
862 1601 959 1667 debeo
982 1602 1143 1686 baptizari,
1173 1603 1248 1684 quia
1276 1607 1370 1667 tecum

239 1705 367 1770 exhibes
402 1709 433 1770 et
465 1707 498 1770 in
532 1709 563 1770 te
597 1705 737 1788 possides
771 1707 917 1790 puritatis
951 1724 1083 1771 munera
1115 1710 1147 1771 et
1179 1705 1370 1790 baptismatis

241 1813 438 1876 sacramenta
461 1814 501 1891 et,
524 1811 607 1892 quod
631 1829 687 1894 ego
704 1810 784 1874 dabo
806 1815 837 1875 te
860 1811 1012 1895 largiente
1036 1813 1253 1896 pergratiam,
1276 1817 1308 1876 tu
1323 1809 1370 1876 ob-

239 1916 321 1980 tines
348 1935 403 1999 per
427 1918 582 1980 naturam.
629 1917 788 1979 creaturae
814 1917 935 1980 interea
961 1915 997 1980 fit
1019 1917 1188 2000 profectus.
1234 1915 1369 1980 creatoris

190 2043 214 2083 rs
243 2020 368 2084 adtactu
400 2019 542 2084 membra
569 2021 732 2104 tinguntur
765 2024 796 2084 et
824 2018 942 2084 fluenta
973 2020 1117 2084 ditantur.
1156 2021 1247 2085 uitali
1276 2019 1371 2104 gratia

239 2143 301 2189 non
325 2142 436 2208 corpus
461 2143 495 2188 ex
519 2122 658 2205 flumine,
687 2124 741 2188 sed
771 2123 889 2189 flumen
913 2128 1054 2190 mutatur
1084 2144 1118 2189 cx
1150 2143 1285 2209 corpore.
1323 2123 1370 2188 de·

240 2229 389 2293 scandere
420 2229 458 2292 in‘
485 2247 518 2292 se
553 2228 672 2293 fontem
708 2246 799 2292 suum
834 2229 907 2293 felix
941 2230 1026 2294 unda
1059 2229 1189 2294 miratur
1224 2230 1281 2296 sub
1316 2246 1369 2292 uno

241 2337 400 2397 momento
424 2335 552 2396 aeterua
579 2333 718 2397 remedia
740 2333 916 2416 concipiens
945 2338 978 2398 et
1000 2334 1177 2398 nouandum
1204 2333 1369 2418 generatio

239 2456 312 2500 nem
336 2437 526 2502 fecunditate
553 2437 740 2521 parturiens,
771 2438 854 2520 quod
884 2443 1055 2520 acceperat,
1085 2438 1144 2504 hoc
1173 2438 1305 2504 reddens
1334 2441 1368 2514 ot,

188 2568 213 2607 so
240 2541 323 2624 quod
345 2561 407 2606 non
430 2541 578 2621 habebat,
602 2540 763 2625 accipiens.

283 2646 370 2710 Inter
401 2646 477 2710 baec
510 2646 624 2710 mnam
657 2650 753 2726 esset,
791 2647 872 2728 quod
900 2667 933 2710 se
961 2647 1104 2712 dominus
1132 2647 1215 2711 serui
1245 2645 1370 2711 subdidit

241 2751 458 2831 benedictioni,
486 2751 545 2814 nisi
573 2751 656 2814 cruci
678 2747 740 2835 <se>
763 2751 952 2815 subdidisset
979 2755 1010 2816 et
1036 2751 1137 2816 morti.
1183 2755 1216 2816 ct
1239 2752 1289 2816 illc
1310 2749 1370 2832 qui-

240 2854 312 2918 dem
339 2855 510 2937 pretiosum
538 2853 598 2918 sibi
620 2855 781 2918 hominem
805 2873 874 2919 esse
900 2856 991 2939 pretii
1018 2855 1114 2938 ipsius
1138 2855 1287 2939 dignitate
1307 2872 1369 2936 per-

241 2959 352 3023 docuit.
399 2959 453 3022 sed
476 2958 550 3022 hinc
573 2977 695 3041 quoque
718 2959 938 3043 intellegimus
967 2977 1062 3041 quam
1084 2959 1218 3044 grandes
1242 2959 1321 3043 apud
1341 2976 1370 3019 se

189 3089 215 3130 ss
243 3063 389 3127 aestimet
412 3062 557 3128 dominus
581 3067 687 3128 noster
709 3063 917 3129 humanorum
933 3064 1098 3128 criminum
1113 3081 1234 3144 causas,
1256 3065 1370 3148 propter

346 3261 374 3330 ι]
394 3261 490 3315 ustos.
504 3262 529 3325 e,
544 3263 583 3318 ιι.

287 3435 446 3492 3conflexit
464 3436 493 3490 D
564 3435 702 3490 mortubini
721 3436 750 3490 D
813 3450 861 3504 pro
880 3439 906 3488 te
924 3437 1083 3505 eapropter
1101 3437 1130 3491 D
1200 3433 1372 3490 babtisath

241 3525 257 3577 l
276 3523 462 3592 itaque-post
479 3521 643 3591 baptismum
663 3541 713 3578 om.
727 3523 805 3578 Mac.
818 3523 890 3592 Aug.
961 3521 1125 3577 babtismum
1147 3523 1177 3578 D
1194 3530 1304 3594 utroque
1320 3523 1370 3576 loco

242 3613 436 3680 ipraecursor
458 3609 514 3664 eius
532 3611 610 3665 Mac.
630 3611 711 3680 Asop,
733 3611 886 3680 pearsorsm
910 3610 939 3664 D
995 3608 1147 3664 6babtista
1165 3611 1194 3666 D
1251 3609 1299 3679 ita]
1317 3621 1370 3661 erim

241 3698 401 3753 addidero.
422 3698 493 3766 Assy.
547 3695 722 3751 babtizandus
740 3697 770 3751 D
787 3697 817 3764 Γ
836 3698 953 3764 mosum)
1015 3695 1178 3750 'lbabtiaari
1197 3698 1227 3752 D
1281 3692 1370 3754 abab·

242 3783 316 3838 tincti
335 3785 364 3839 D
433 3783 600 3839 libabtiaari
623 3785 653 3839 D
722 3783 750 3837 id
768 3786 809 3837 est
825 3801 961 3854 suprascr.
974 3785 1003 3838 D
1020 3801 1106 3854 supra
1124 3785 1309 3853 scearamton
1324 3797 1371 3852 peso

242 3877 300 3926 erat
317 3871 433 3940 puritate
492 3874 520 3926 ll
541 3870 635 3939 inquid
652 3873 682 3925 D
742 3869 868 3924 babtizati
889 3871 918 3925 D
975 3872 1008 3926 12
1026 3869 1112 3924 exibas
1132 3871 1161 3926 D
1217 3866 1371 3940 possedisD

242 3957 411 4012 babtismatis
430 3959 459 4012 D
525 3956 693 4027 131argentc
712 3958 741 4012 D
807 3960 838 4012 15
857 3956 980 4010 adtactus
1000 3958 1028 4012 D
1092 3956 1310 4027 uitali-corpore
1326 3971 1370 4010 oss.

242 4045 320 4100 Mos.
383 4043 492 4098 sitalem
519 4044 635 4112 gratiam
658 4046 728 4115 Aup.
793 4047 824 4100 lo
843 4045 983 4098 mutuatur
1001 4045 1072 4113 Aug.
1133 4046 1164 4099 17
1184 4039 1372 4098 discenda-rell

243 4123 311 4224 teD
366 4159 397 4213 18
415 4160 506 4211 eterna
524 4157 552 4211 D
605 4172 675 4209 noua
697 4155 776 4210 deum
800 4155 1006 4225 regenerationis
1027 4155 1191 4210 fecunditate
1215 4157 1290 4212 Mus.
1307 4155 1370 4221 Auo.

246 4245 277 4300 19
300 4244 432 4313 acciperat
449 4245 479 4298 D
540 4246 573 4299 20
591 4242 731 4312 accipietne
748 4245 779 4299 D
842 4246 875 4299 22
894 4243 1077 4298 benedictione
1094 4244 1125 4302 D
1178 4259 1254 4300 cruce
1272 4243 1300 4298 D
1348 4253 1371 4292 so
1433 4305 1434 4310 η

245 4348 295 4393 oro,
309 4331 338 4388 D
390 4329 516 4387 subdedis
535 4329 580 4388 scd
599 4331 628 4390 D
681 4333 714 4390 25
733 4331 853 4390 oraminis
869 4332 900 4390 D
