2920 4930
243 420 286 486 50
705 417 726 472 1.
746 417 791 472 De
808 417 916 486 gratia

286 595 411 660 Nouum
443 613 515 678 ergo
546 594 719 658 remedium
743 593 820 658 nihil
844 609 935 676 agere
958 592 1069 674 potuit,
1100 591 1127 655 si
1157 594 1228 654 ante
1255 589 1383 654 saecula

242 719 291 765 res
314 701 468 764 humanas
492 698 630 762 delinitio
654 701 781 762 uetusta
802 695 952 779 praefixit.
999 696 1054 760 scd
1081 695 1153 778 quia
1179 694 1284 759 fatalis
1311 713 1383 778 pcr-

244 805 361 885 suasio,
394 822 473 886 quae
504 803 569 867 uim
599 801 824 886 praescientiae
855 801 993 884 cogentis
1027 799 1159 879 inducit,
1194 797 1382 862 omnimodis

242 909 417 992 respuenda
441 912 497 989 est,
526 907 595 972 ideo
619 908 720 991 magis
745 909 776 971 et
798 907 900 990 legem
923 903 1027 989 (deus)
1049 903 1134 968 dedit
1156 907 1188 968 et
1213 902 1382 986 prophetas

203 1041 216 1082 s
243 1014 355 1078 mediis
379 1011 573 1096 temporibus
590 1013 747 1092 excitauit,
771 1011 843 1094 quia
860 1010 1021 1074 arbitrium
1037 1008 1209 1073 uoluntatis
1225 1007 1383 1071 humanae

244 1119 447 1183 adtenuatum
472 1120 611 1197 nouerat,
634 1135 697 1207 non
721 1115 872 1180 ablatum.
911 1114 994 1197 quod
1017 1114 1043 1178 si
1066 1132 1102 1177 ex
1122 1115 1187 1177 toto
1207 1112 1295 1196 uigor
1317 1111 1382 1175 eius

243 1223 386 1306 perisset,
410 1222 562 1304 quomodo
582 1222 752 1304 legeretur:
776 1223 813 1284 et
834 1219 870 1282 in
894 1219 977 1302 lege
1000 1217 1138 1283 domini
1160 1217 1233 1281 fuit
1253 1215 1383 1280 uolun-

244 1327 413 1406 tascius,
438 1325 614 1389 etiterum:
638 1323 851 1389 uoluntario
872 1321 1097 1387 sacrificabo
1117 1321 1195 1401 tibi,
1220 1319 1382 1398 domine,

245 1430 337 1494 etad
360 1429 592 1495 Philemonem:
625 1433 759 1493 utnon
784 1447 824 1492 er
848 1429 1093 1506 necessitate,
1124 1424 1189 1490 sed
1211 1425 1383 1488 uolunta-

193 1563 217 1600 10
243 1536 337 1599 rium
361 1538 461 1598 esset
483 1533 618 1599 bonum
642 1535 766 1597 tuum?
805 1536 837 1596 et
857 1551 929 1595 cum
945 1532 1027 1596 dicat
1046 1532 1078 1594 in
1100 1529 1275 1613 euangelio:
1298 1545 1383 1592 caro

245 1657 324 1703 mea
340 1643 410 1719 est,
431 1656 537 1720 quarn
559 1657 625 1722 ego
647 1637 739 1702 dabo
759 1655 823 1720 pro
844 1635 971 1700 mundi
987 1635 1075 1716 uita,
1097 1633 1240 1698 dubitare
1255 1633 1383 1716 penitus

244 1761 305 1808 non
333 1743 493 1823 debemus,
524 1742 605 1824 quod
628 1761 683 1824 pro
714 1745 778 1804 toto
802 1741 919 1806 mundo
950 1760 983 1804 se
1013 1739 1198 1822 inpenderit,
1229 1737 1282 1820 qui
1312 1737 1383 1819 plus

244 1848 338 1928 dedit,
366 1865 461 1929 quam
488 1850 571 1911 totus
599 1846 734 1909 mundus
763 1835 904 1925 ualebat,
932 1847 1013 1908 siout
1040 1848 1071 1908 et
1094 1843 1204 1907 beatus
1227 1841 1384 1906 Iohannes

244 1953 439 2035 euangelista
461 1954 609 2014 testatur:
640 1951 719 2032 ipse
751 1957 808 2014 est
835 1949 932 2013 enim
960 1947 1181 2032 propitiatio
1209 1964 1274 2028 pro
1304 1963 1384 2028 peo-

193 2083 218 2122 11
245 2057 340 2120 catis
363 2056 518 2134 nostris,
543 2055 606 2118 sed
629 2059 665 2118 ct
687 2073 751 2136 pro
775 2053 891 2118 totius
915 2053 1049 2117 mundi.

288 2159 348 2225 Sed
368 2159 457 2223 diois:
481 2159 634 2241 quomodo
656 2162 756 2222 toturn
780 2157 932 2222 mundum
955 2157 1108 2221 redemit?
1147 2174 1217 2220 eece
1240 2155 1385 2219 uidemus

245 2265 387 2328 homines
403 2264 435 2326 in
451 2263 586 2346 pcccatis
605 2263 669 2327 suis
691 2264 808 2342 uiuere,
829 2263 982 2344 quomodo
998 2261 1179 2345 putabimus
1195 2261 1385 2342 redemptos,

245 2385 322 2449 quos
350 2369 491 2432 uidemus
519 2385 702 2450 permanere
729 2367 892 2450 captiuos?
937 2365 995 2431 hoc
1024 2366 1091 2429 loco
1120 2365 1317 2428 intellectum
1347 2363 1386 2426 de

244 2473 404 2554 proposita
427 2471 629 2535 similitudine
653 2471 845 2554 colligamus.
892 2470 979 2534 uerbi
1006 2470 1107 2554 gratia
1128 2469 1155 2532 si
1177 2469 1302 2552 legatus
1329 2467 1387 2530 ali-

193 2603 219 2642 11
246 2576 314 2658 quis
345 2577 395 2639 uel
425 2575 569 2639 sacerdos
599 2575 826 2639 intercessurus
861 2593 916 2657 pro
950 2573 1076 2637 ciuitate
1110 2573 1235 2656 captiua
1267 2573 1386 2656 largius

245 2680 381 2763 pretium
409 2679 529 2743 deferat
556 2683 587 2742 11
614 2680 795 2743 uniuersum
823 2678 1012 2762 captiuitatis
1041 2678 1192 2761 populum
1222 2676 1259 2740 de
1289 2693 1385 2739 manu

246 2785 310 2847 eius
327 2783 464 2864 recipiat,
481 2784 534 2864 qui
550 2782 626 2846 belli
642 2784 708 2846 iure
724 2783 890 2864 retinebat,
912 2787 944 2846 et
963 2782 1064 2846 omnis
1085 2781 1212 2845 omnino
1231 2781 1387 2844 relaxetur

245 2889 293 2952 1111
317 2905 353 2951 ac
376 2888 546 2952 necessitas
571 2888 742 2968 seruitutis
767 2891 798 2952 et
820 2887 899 2951 inter
920 2887 1007 2966 haec,
1031 2886 1057 2950 si
1080 2887 1158 2950 forte
1179 2885 1241 2949 illic
1264 2885 1386 2966 aliquos

246 2992 283 3056 de
304 2993 434 3075 captiuis
451 2993 501 3056 uel
518 2991 683 3056 oblectatio
703 2992 937 3056 consuetudinis
952 2992 1003 3054 uel
1023 2991 1105 3054 male
1120 2989 1255 3054 blandus
1271 2988 1387 3072 praedo

194 3123 219 3162 os
240 3097 408 3186 sollicitet,
442 3097 614 3179 gratuitum
650 3095 834 3160 heneficium
867 3095 1082 3177 unusquisque
1112 3095 1281 3159 uoluntatis
1312 3110 1387 3156 suae

246 3219 356 3264 seruus
384 3205 521 3281 recusat,
549 3201 700 3282 numquid
724 3201 890 3265 minorauit
912 3200 1046 3284 gratiam
1070 3199 1160 3282 pretii
1187 3202 1386 3282 contemptus

247 3304 383 3387 ingrati?
437 3305 588 3386 numquid
619 3304 755 3386 aliquam
786 3304 1016 3368 beniuolentiae
1045 3303 1249 3386 redemptoris
1281 3302 1387 3367 intulit

247 3408 507 3488 deminutionem,
542 3409 593 3489 qui
627 3409 748 3490 respuit
781 3409 980 3472 libertatem?
1029 3425 1090 3472 non
1125 3407 1170 3471 ita
1203 3411 1260 3470 est.
1313 3405 1387 3488 quin

245 3512 342 3576 immo
370 3513 451 3576 sicut
477 3512 665 3596 redemptori
692 3515 800 3595 gratus
827 3515 1036 3594 potestesse,
1064 3511 1116 3594 qui
1142 3511 1247 3592 rediit,
1279 3511 1324 3574 ita
1349 3509 1387 3572 de

351 3685 379 3753 1]
398 3683 496 3738 Psalm.
512 3687 535 3754 1,
548 3687 571 3740 2.
638 3685 666 3754 8]
687 3684 784 3739 Psalm.
799 3687 840 3750 53,
853 3688 876 3740 8.
944 3685 973 3753 9]
992 3683 1105 3738 Philem.
1120 3686 1160 3740 14.
1232 3683 1277 3752 10]
1294 3683 1386 3738 Ioanu.

245 3773 325 3836 soa.
381 3771 425 3841 14]
446 3773 458 3826 1
478 3771 645 3835 111111122.

288 3931 456 3996 2111111111]
476 3929 503 3982 Ρ
565 3927 665 3984 ldens
684 3929 791 3997 addidi,
810 3948 860 3986 eoa.
880 3929 907 3984 P
975 3928 1182 3985 6adtinuatum
1201 3929 1228 3984 P
1297 3928 1387 3986 Seius

245 4031 382 4084 suprascr.
401 4016 441 4069 P¹
496 4015 676 4071 9filimonem
696 4017 724 4070 P
776 4019 806 4071 11
826 4017 948 4085 poenitus
967 4017 994 4071 P
1047 4019 1079 4072 12
1098 4031 1146 4085 pro
1164 4033 1214 4072 om.
1228 4033 1243 4070 c
1299 4014 1386 4071 1311-

245 4100 341 4154 hannis
360 4103 387 4155 P
452 4105 483 4157 15
503 4102 612 4170 uoetris]
632 4117 685 4154 non
704 4117 751 4171 pro
770 4103 868 4156 nostris
888 4105 977 4156 autem
995 4105 1102 4157 tantum
1120 4103 1219 4158 oddo
1289 4105 1321 4156 17
1338 4117 1388 4170 pu-

246 4187 403 4242 tauimusP
454 4190 486 4242 21
507 4188 680 4258 praetiumP
731 4187 863 4244 deserato
915 4193 948 4245 22
966 4189 1052 4245 iurao
1106 4187 1391 4257 25unusquisquaaP

246 4276 280 4328 26
297 4274 392 4341 praetii
412 4275 440 4328 P
509 4277 657 4330 contemtus
677 4277 704 4330 P
773 4278 807 4333 28
825 4275 1066 4332 diminutionemo
1140 4278 1173 4333 29
1191 4275 1334 4332 redemtori
1352 4276 1388 4342 P,

247 4359 456 4430 redemptoriso
