2954 4930
268 424 333 490 324
709 427 773 484 1111.
793 429 901 483 Sermo
920 432 961 486 25.

267 603 350 666 dare.
398 603 424 666 si
455 602 645 685 possibilitas
677 621 738 667 non
766 604 858 668 fuerit
886 605 1054 685 ieiunandi,
1087 605 1258 689 elimosyna
1288 607 1397 672 suffieit

267 706 327 771 sibi
360 707 427 771 sine
457 707 582 787 ieiunio,
611 707 761 772 ieiunium
788 726 862 773 nero
891 709 958 773 sine
985 709 1158 793 elimosyna
1184 711 1310 775 omnino
1340 731 1397 776 non

267 809 390 876 suffieit.
426 829 498 895 ergo
522 811 548 875 si
571 811 682 894 aliquis
707 829 768 876 non
792 815 897 895 potest
919 813 1067 895 ieiunare,
1092 815 1264 898 elimosyna
1286 814 1396 898 absquo

266 916 379 980 ieiunio
402 915 518 980 bonum
542 919 598 980 est.
623 917 650 980 si
672 934 746 980 uero
769 918 930 999 praeualet
952 917 1102 982 ieiunium
1126 937 1197 982 oum
1221 919 1395 1002 elimosyna,

226 1045 239 1086 e
266 1021 378 1104 duplex
393 1021 511 1086 bonum
527 1024 585 1101 est,
607 1019 770 1103 <ieiunium
787 1040 861 1086 uero
877 1022 944 1086 sine
961 1023 1134 1105 elimosyna
1148 1024 1269 1088 nullum
1284 1024 1393 1088 bonum

266 1125 337 1210 est),
365 1125 425 1188 nisi
447 1125 526 1189 forte
550 1125 593 1188 ite
615 1125 655 1188 sit
678 1126 790 1207 aliquis
817 1143 944 1209 pauper,
973 1129 1008 1190 ιιι
1035 1145 1097 1190 non
1124 1127 1239 1192 hebeat
1265 1129 1393 1207 omnino,
1454 1165 1455 1192 ι

265 1229 346 1310 quod
368 1228 495 1296 tribuet.
541 1229 604 1292 illis
632 1247 716 1312 ergo,
747 1229 800 1311 qui
824 1247 885 1294 non
908 1229 1086 1310 habuerint,
1117 1232 1198 1296 unde
1221 1232 1392 1312 retribuere,

265 1333 383 1396 suffieit
416 1333 562 1396 uoluntas
596 1332 678 1398 bona
712 1334 883 1398 seeundum
913 1335 1005 1415 illud,
1040 1335 1121 1416 quod
1152 1335 1302 1419 scriptum
1335 1341 1391 1400 est:

263 1438 384 1520 glorie
405 1439 440 1502 in
464 1438 623 1502 excelsis
647 1438 713 1501 deo
736 1443 772 1501 et
790 1439 824 1502 in
848 1442 949 1504 terre
971 1439 1267 1522 paxhominibns
1283 1441 1390 1504 bonae
1454 1467 1455 1544 p

212 1569 237 1607 ro
264 1543 481 1606 uoluntatis.
1454 1569 1455 1618 y

307 1645 366 1710 Sed
387 1647 456 1728 quis
483 1647 551 1727 erit,
575 1647 626 1728 qui
650 1667 683 1710 se
707 1648 808 1730 possit
831 1666 988 1728 excusare,
1012 1667 1083 1712 cum
1107 1649 1202 1712 etiem
1226 1668 1281 1732 pro
1303 1650 1390 1712 calice
1454 1713 1455 1722 ,

262 1767 361 1832 nqueo
391 1751 521 1834 frigidae
535 1812 538 1818 Δ
552 1752 726 1815 mercedem
761 1771 794 1815 se
824 1752 968 1816 dominus
1002 1752 1195 1817 redditurum
1230 1772 1298 1816 csse
1327 1771 1389 1834 pro
1454 1821 1455 1830 ,

262 1855 401 1918 miserit?
447 1859 477 1918 et
500 1873 595 1936 quere
618 1855 749 1938 frigidae
773 1855 870 1920 dixit?
916 1875 954 1920 ne
982 1857 1060 1919 sorte
1091 1875 1124 1919 se
1151 1861 1258 1938 posset
1287 1857 1387 1938 aliquis
1454 1927 1455 1930 Ἴ

260 1979 378 2043 pauper
400 1960 437 2023 de
460 1960 616 2042 lignorum
639 1961 768 2044 penuria
791 1978 937 2024 excusare
960 1964 1016 2024 aut
1038 1965 1120 2024 certe
1136 1961 1248 2025 dixerit
1269 1981 1303 2024 se
1325 1980 1388 2024 uas·
1454 1991 1455 2030 ι

208 2091 233 2130 rs
260 2066 376 2144 culum,
407 2064 459 2128 ubi
491 2082 605 2146 nquam
635 2065 829 2144 calefaceret,
845 2061 846 2064 ’
860 2083 922 2128 non
949 2063 1073 2129 babere.
1119 2067 1252 2147 denique
1282 2071 1313 2129 et
1339 2084 1387 2147 per
1454 2087 1455 2092 ¹

258 2168 387 2232 beatum
410 2169 606 2252 prophetam,
633 2169 746 2232 fratres
769 2169 933 2248 carissimi,
961 2169 1105 2233 dominus
1132 2171 1175 2234 ite
1198 2170 1337 2234 hortatur
1361 2172 1386 2230 et
1454 2181 1455 2200 ³

259 2274 407 2336 admonet
429 2273 635 2354 elimosynam
659 2272 735 2352 fieri,
758 2276 794 2336 ut
815 2291 914 2355 paene
938 2274 1043 2336 nullus
1065 2291 1183 2356 pauper
1206 2275 1257 2354 sit,
1286 2275 1386 2354 quise

216 2461 218 2466 Α
257 2378 362 2441 ualeat
393 2395 548 2441 excusare.
594 2377 639 2440 sio
673 2377 756 2440 enim
787 2377 846 2440 ait:
880 2378 947 2441 boo
981 2381 1038 2440 est
1071 2378 1267 2458 ieiunium,
1299 2376 1385 2458 quod

257 2481 369 2564 elegi,
404 2481 493 2544 dicit
526 2481 710 2545 dominus:
746 2481 876 2564 frange
907 2481 1090 2545 esurienti
1118 2499 1249 2564 panem
1280 2487 1384 2544 tuum.

205 2611 231 2650 eo
258 2603 319 2649 non
343 2585 428 2664 dixit,
452 2589 487 2648 ut
510 2585 668 2668 integrum
684 2585 781 2665 daret,
804 2603 875 2648 cum
896 2587 975 2650 forte
998 2604 1115 2668 pauper
1138 2586 1191 2649 ille
1214 2587 1306 2650 elium
1328 2601 1384 2647 non

256 2690 396 2769 haberet,
421 2690 474 2752 sed
498 2690 618 2773 frange,
646 2690 758 2771 inquit,
786 2689 844 2753 hoe
868 2694 916 2753 est
938 2690 1053 2754 dicere:
1082 2690 1204 2754 etiamsi
1227 2689 1281 2752 tibi
1304 2693 1384 2752 tenta

255 2797 423 2877 paupertas
447 2797 504 2874 est,
528 2797 563 2857 ut
587 2813 647 2858 non
668 2794 784 2858 babeas
808 2793 868 2857 nisi
892 2813 989 2858 unum
1005 2812 1130 2877 panem,
1154 2813 1190 2856 ex
1205 2795 1271 2877 ipso
1285 2797 1382 2856 mmen

255 2899 364 2982 frange
387 2902 418 2962 et
440 2899 568 2981 pauperi
592 2898 702 2962 tribue.
742 2901 779 2962 et
802 2917 966 2981 egenum,
991 2899 1102 2981 inquit,
1126 2916 1166 2962 ao
1189 2899 1268 2962 siue
1289 2901 1380 2960 teoto

255 3003 366 3066 indue
394 3004 429 3067 in
457 3003 601 3066 domum
630 3007 741 3066 tuam.
787 3004 814 3066 si
837 3003 950 3085 aliquis
974 3003 1018 3066 ita
1040 3021 1158 3086 pauper
1182 3007 1240 3083 est,
1269 3006 1302 3065 nt
1323 3017 1379 3064 non

202 3133 227 3170 ιι
254 3107 379 3188 habeat,
403 3108 484 3171 unde
508 3107 625 3171 tribuat
647 3107 776 3190 pauperi
799 3107 914 3187 cibum,
938 3108 988 3172 uel
1011 3108 1042 3170 in
1065 3125 1127 3171 uno
1150 3108 1263 3190 angrxlo
1277 3106 1378 3168 domus

255 3229 328 3274 suae
352 3212 514 3294 peregrino
538 3216 703 3294 praeparet
724 3212 883 3275 lectulum.

297 3314 377 3395 Quid
401 3334 457 3379 nos
481 3316 519 3378 ed
542 3315 618 3378 haec
641 3315 752 3379 dicturi
775 3335 895 3395 sumus,
919 3315 1041 3396 iratres,
1072 3315 1122 3379 uel
1145 3333 1239 3397 quam
1261 3329 1378 3377 excusa-

254 3419 371 3484 tionem
405 3419 520 3483 hebere
554 3419 740 3502 poterimus,
779 3420 831 3501 qui
869 3421 990 3502 amplas
1029 3423 1061 3482 et
1093 3421 1247 3501 spatiosas
1278 3417 1377 3480 domos

252 3523 404 3588 babentes
432 3524 483 3588 uix
511 3523 676 3605 aliquando
705 3524 871 3606 dignemur
899 3524 1038 3606 excipere
1069 3523 1267 3606 peregrinum
1295 3521 1377 3602 igno

199 3653 225 3692 so
251 3631 367 3708 rentes,
391 3627 488 3691 immo
512 3646 573 3692 non
597 3628 769 3708 credentes,
793 3628 875 3709 quod
898 3629 929 3691 in
950 3627 1096 3691 omnibus
1111 3627 1280 3710 peregrinis
1294 3623 1377 3688 Chri·

354 3833 383 3904 e]
402 3833 465 3889 ouo.
478 3837 503 3903 a,
518 3835 558 3889 rr.
613 3833 657 3903 re]
676 3833 745 3888 aar.
759 3835 801 3898 se,
814 3836 836 3890 s.
891 3833 937 3904 as]
956 3833 1025 3887 aser.
1039 3835 1081 3898 ss,
1095 3836 1119 3888 ι.

294 4024 490 4081 lhelemosine
507 4027 535 4080 P
594 4024 792 4096 2hplernosine
811 4025 838 4079 P
898 4023 1097 4080 3helemosiue
1114 4025 1142 4079 P
1202 4021 1304 4092 absquo]
1319 4019 1376 4072 sine

249 4114 321 4183 aeq.
383 4111 581 4167 thelemosina
598 4112 626 4165 P
686 4111 984 4166 5ieinnium-bonum
1002 4115 1043 4164 est
1060 4113 1142 4182 Aue,
1159 4130 1211 4167 om.
1225 4111 1251 4165 P
1304 4105 1376 4161 lilli

249 4201 320 4270 Aup.
373 4199 580 4268 babueritAup.
633 4197 790 4267 retribuere]
803 4197 989 4269 tribuatAuy.
1039 4199 1070 4254 13
1083 4197 1151 4252 dixit
1161 4201 1242 4270 Arrp,
1254 4193 1379 4249 dixeritP

251 4289 282 4340 lt
296 4291 364 4339 certe
383 4285 490 4354 dixerit]
509 4285 596 4339 dicere
614 4288 685 4355 Aup.
741 4288 894 4340 laureatur
913 4287 940 4340 P
992 4288 1023 4341 17
1043 4285 1219 4340 emmonetP
1266 4279 1376 4336 taleme

249 4371 334 4424 sinam
354 4373 381 4425 P
431 4387 512 4440 prope
531 4373 601 4442 Aup.
655 4371 687 4426 21
708 4371 801 4439 inquid
820 4372 848 4424 P
897 4374 932 4427 23
949 4371 1042 4440 inquid
1061 4373 1089 4426 P
1454 4427 1455 4464 ,
