<?xml version="1.0" encoding="UTF-8"?>
<!DOCTYPE html PUBLIC "-//W3C//DTD XHTML 1.0 Transitional//EN"
    "http://www.w3.org/TR/xhtml1/DTD/xhtml1-transitional.dtd">
<html xmlns="http://www.w3.org/1999/xhtml" xml:lang="en" lang="en">
 <head>
  <title>
</title>
<meta http-equiv="Content-Type" content="text/html;charset=utf-8" />
  <meta name='ocr-system' content='tesseract 3.04.00' />
  <meta name='ocr-capabilities' content='ocr_page ocr_carea ocr_par ocr_line ocrx_word'/>
</head>
<body>
  <div class='ocr_page' id='page_1' title='image "./praetersermones00fausgoog/praetersermones00fausgoog_0333.png"; bbox 0 0 2924 4924; ppageno 0'>
   <div class='ocr_carea' id='block_1_1' title="bbox 525 446 1214 514">
    <p class='ocr_par' dir='ltr' id='par_1_1' title="bbox 525 446 1214 514">
     <span class='ocr_line' id='line_1_1' title="bbox 525 446 1214 514; baseline 0.001 -13"><span class='ocrx_word' id='word_1_1' title='bbox 525 447 590 502; x_wconf 88' lang='lat'><em>1111.</em></span> <span class='ocrx_word' id='word_1_2' title='bbox 610 446 719 502; x_wconf 87' lang='lat' dir='ltr'><strong>Sermo</strong></span> <span class='ocrx_word' id='word_1_3' title='bbox 738 451 762 504; x_wconf 88' lang='grc'><strong>6.</strong></span> <span class='ocrx_word' id='word_1_4' title='bbox 1150 449 1214 514; x_wconf 79' lang='lat'><strong>245</strong></span> 
     </span>
    </p>
   </div>
   <div class='ocr_carea' id='block_1_2' title="bbox 59 623 1265 3423">
    <p class='ocr_par' dir='ltr' id='par_1_2' title="bbox 59 623 1265 3423">
     <span class='ocr_line' id='line_1_2' title="bbox 78 623 1213 706; baseline 0.003 -20"><span class='ocrx_word' id='word_1_5' title='bbox 78 623 175 703; x_wconf 82' lang='lat' dir='ltr'><strong>inerit,</strong></span> <span class='ocrx_word' id='word_1_6' title='bbox 204 623 379 705; x_wconf 72' lang='lat' dir='ltr'><strong>disrumpet</strong></span> <span class='ocrx_word' id='word_1_7' title='bbox 401 625 442 688; x_wconf 93' lang='lat' dir='ltr'><strong>te.</strong></span> <span class='ocrx_word' id='word_1_8' title='bbox 488 623 538 687; x_wconf 92' lang='lat' dir='ltr'><strong>dio</strong></span> <span class='ocrx_word' id='word_1_9' title='bbox 561 641 635 688; x_wconf 89' lang='lat' dir='ltr'><strong>sane</strong></span> <span class='ocrx_word' id='word_1_10' title='bbox 659 624 769 705; x_wconf 88' lang='lat' dir='ltr'><strong>amieo,</strong></span> <span class='ocrx_word' id='word_1_11' title='bbox 798 624 851 706; x_wconf 92' lang='lat' dir='ltr'><strong>qui</strong></span> <span class='ocrx_word' id='word_1_12' title='bbox 874 624 944 688; x_wconf 90' lang='lat' dir='ltr'><strong>uult</strong></span> <span class='ocrx_word' id='word_1_13' title='bbox 970 627 1001 688; x_wconf 90' lang='lat' dir='ltr'><strong>te</strong></span> <span class='ocrx_word' id='word_1_14' title='bbox 1028 625 1131 689; x_wconf 88' lang='lat' dir='ltr'><strong>faeere</strong></span> <span class='ocrx_word' id='word_1_15' title='bbox 1153 625 1213 689; x_wconf 91' lang='lat' dir='ltr'><strong>ini-</strong></span> 
     </span>
     <span class='ocr_line' id='line_1_3' title="bbox 78 727 1213 812; baseline 0.003 -21"><span class='ocrx_word' id='word_1_16' title='bbox 78 728 189 792; x_wconf 87' lang='lat' dir='ltr'><strong>micum</strong></span> <span class='ocrx_word' id='word_1_17' title='bbox 213 727 307 792; x_wconf 89' lang='lat' dir='ltr'><strong>amici</strong></span> <span class='ocrx_word' id='word_1_18' title='bbox 330 727 386 808; x_wconf 91' lang='lat' dir='ltr'><strong>tui,</strong></span> <span class='ocrx_word' id='word_1_19' title='bbox 414 728 572 810; x_wconf 78' lang='lat' dir='ltr'>alloquere</span> <span class='ocrx_word' id='word_1_20' title='bbox 596 732 629 793; x_wconf 90' lang='lat' dir='ltr'><strong>et</strong></span> <span class='ocrx_word' id='word_1_21' title='bbox 650 733 812 811; x_wconf 88' lang='lat' dir='ltr'><strong>tamquam</strong></span> <span class='ocrx_word' id='word_1_22' title='bbox 835 732 1051 812; x_wconf 75' lang='lat' dir='ltr'><strong>aegrotantem</strong></span> <span class='ocrx_word' id='word_1_23' title='bbox 1074 729 1213 794; x_wconf 85' lang='lat' dir='ltr'><strong>animam</strong></span> 
     </span>
     <span class='ocr_line' id='line_1_4' title="bbox 76 832 1214 916; baseline 0.002 -20"><span class='ocrx_word' id='word_1_24' title='bbox 76 832 244 896; x_wconf 75' lang='lat' dir='ltr'><strong>medicinae</strong></span> <span class='ocrx_word' id='word_1_25' title='bbox 263 832 393 897; x_wconf 86' lang='lat' dir='ltr'><strong>lenitate</strong></span> <span class='ocrx_word' id='word_1_26' title='bbox 412 836 578 915; x_wconf 87' lang='lat' dir='ltr'><strong>pertracta.</strong></span> <span class='ocrx_word' id='word_1_27' title='bbox 618 833 668 897; x_wconf 88' lang='lat' dir='ltr'><strong>dic</strong></span> <span class='ocrx_word' id='word_1_28' title='bbox 689 833 747 898; x_wconf 90' lang='lat' dir='ltr'><strong>illi:</strong></span> <span class='ocrx_word' id='word_1_29' title='bbox 772 851 867 916; x_wconf 90' lang='lat' dir='ltr'><strong>quare</strong></span> <span class='ocrx_word' id='word_1_30' title='bbox 891 833 949 914; x_wconf 87' lang='lat' dir='ltr'><strong>uie,</strong></span> <span class='ocrx_word' id='word_1_31' title='bbox 972 837 1008 898; x_wconf 93' lang='lat' dir='ltr'><strong>ut</strong></span> <span class='ocrx_word' id='word_1_32' title='bbox 1030 833 1090 898; x_wconf 90' lang='lat' dir='ltr'><strong>sim</strong></span> <span class='ocrx_word' id='word_1_33' title='bbox 1111 834 1214 898; x_wconf 90' lang='lat' dir='ltr'><strong>inimi-</strong></span> 
     </span>
     <span class='ocr_line' id='line_1_5' title="bbox 76 935 1214 1022; baseline 0.004 -23"><span class='ocrx_word' id='word_1_34' title='bbox 76 953 125 999; x_wconf 88' lang='lat' dir='ltr'><strong>ous</strong></span> <span class='ocrx_word' id='word_1_35' title='bbox 146 936 255 1000; x_wconf 75' lang='lat' dir='ltr'><strong>illius?</strong></span> <span class='ocrx_word' id='word_1_36' title='bbox 292 935 505 1019; x_wconf 87' lang='lat' dir='ltr'><strong>respondebit:</strong></span> <span class='ocrx_word' id='word_1_37' title='bbox 529 936 603 1019; x_wconf 87' lang='lat' dir='ltr'><strong>quia</strong></span> <span class='ocrx_word' id='word_1_38' title='bbox 625 937 770 1001; x_wconf 89' lang='lat' dir='ltr'><strong>inimicus</strong></span> <span class='ocrx_word' id='word_1_39' title='bbox 794 955 883 1002; x_wconf 89' lang='lat' dir='ltr'><strong>meus</strong></span> <span class='ocrx_word' id='word_1_40' title='bbox 900 939 957 1002; x_wconf 87' lang='lat' dir='ltr'><strong>est.</strong></span> <span class='ocrx_word' id='word_1_41' title='bbox 999 937 1047 1001; x_wconf 92' lang='lat' dir='ltr'><strong>uis</strong></span> <span class='ocrx_word' id='word_1_42' title='bbox 1071 955 1154 1022; x_wconf 81' lang='lat' dir='ltr'><strong>orgo,</strong></span> <span class='ocrx_word' id='word_1_43' title='bbox 1177 942 1214 1003; x_wconf 87' lang='lat' dir='ltr'><strong>ut</strong></span> 
     </span>
     <span class='ocr_line' id='line_1_6' title="bbox 75 1039 1264 1125; baseline 0.002 -21"><span class='ocrx_word' id='word_1_44' title='bbox 75 1040 129 1104; x_wconf 84' lang='lat' dir='ltr'><strong>sim</strong></span> <span class='ocrx_word' id='word_1_45' title='bbox 156 1041 304 1105; x_wconf 85' lang='lat' dir='ltr'><strong>inimicus</strong></span> <span class='ocrx_word' id='word_1_46' title='bbox 330 1041 413 1105; x_wconf 89' lang='lat' dir='ltr'><strong>illius</strong></span> <span class='ocrx_word' id='word_1_47' title='bbox 441 1041 559 1105; x_wconf 91' lang='lat' dir='ltr'><strong>inimici</strong></span> <span class='ocrx_word' id='word_1_48' title='bbox 586 1041 654 1106; x_wconf 78' lang='lat' dir='ltr'><strong>tui?</strong></span> <span class='ocrx_word' id='word_1_49' title='bbox 698 1041 843 1106; x_wconf 84' lang='lat' dir='ltr'><strong>inimicus</strong></span> <span class='ocrx_word' id='word_1_50' title='bbox 872 1059 941 1106; x_wconf 90' lang='lat' dir='ltr'><strong>esse</strong></span> <span class='ocrx_word' id='word_1_51' title='bbox 969 1039 1066 1106; x_wconf 85' lang='lat' dir='ltr'><strong>debeo</strong></span> <span class='ocrx_word' id='word_1_52' title='bbox 1094 1043 1213 1125; x_wconf 86' lang='lat' dir='ltr'><strong>peccati</strong></span> <span class='ocrx_word' id='word_1_53' title='bbox 1252 1068 1264 1106; x_wconf 77' lang='lat' dir='ltr'><strong>e</strong></span> 
     </span>
     <span class='ocr_line' id='line_1_7' title="bbox 74 1145 1214 1226; baseline 0.002 -18"><span class='ocrx_word' id='word_1_54' title='bbox 74 1145 126 1208; x_wconf 90' lang='lat' dir='ltr'><strong>tui.</strong></span> <span class='ocrx_word' id='word_1_55' title='bbox 171 1145 243 1226; x_wconf 87' lang='lat' dir='ltr'><strong>isto,</strong></span> <span class='ocrx_word' id='word_1_56' title='bbox 274 1145 323 1209; x_wconf 89' lang='lat' dir='ltr'><strong>oui</strong></span> <span class='ocrx_word' id='word_1_57' title='bbox 354 1164 404 1208; x_wconf 90' lang='lat' dir='ltr'><strong>me</strong></span> <span class='ocrx_word' id='word_1_58' title='bbox 431 1145 479 1209; x_wconf 92' lang='lat' dir='ltr'><strong>uis</strong></span> <span class='ocrx_word' id='word_1_59' title='bbox 509 1145 611 1210; x_wconf 81' lang='lat' dir='ltr'><strong>tacere</strong></span> <span class='ocrx_word' id='word_1_60' title='bbox 642 1145 814 1226; x_wconf 87' lang='lat' dir='ltr'><strong>inimicum,</strong></span> <span class='ocrx_word' id='word_1_61' title='bbox 845 1145 938 1210; x_wconf 93' lang='lat' dir='ltr'><strong>homo</strong></span> <span class='ocrx_word' id='word_1_62' title='bbox 967 1149 1025 1226; x_wconf 88' lang='lat' dir='ltr'><strong>est,</strong></span> <span class='ocrx_word' id='word_1_63' title='bbox 1057 1145 1137 1210; x_wconf 87' lang='lat' dir='ltr'><strong>alins</strong></span> <span class='ocrx_word' id='word_1_64' title='bbox 1165 1149 1214 1210; x_wconf 89' lang='lat' dir='ltr'><strong>est</strong></span> 
     </span>
     <span class='ocr_line' id='line_1_8' title="bbox 74 1249 1211 1331; baseline 0.001 -17"><span class='ocrx_word' id='word_1_65' title='bbox 74 1250 216 1314; x_wconf 87' lang='lat' dir='ltr'><strong>iuimicus</strong></span> <span class='ocrx_word' id='word_1_66' title='bbox 244 1253 328 1331; x_wconf 88' lang='lat' dir='ltr'><strong>tuus,</strong></span> <span class='ocrx_word' id='word_1_67' title='bbox 356 1250 406 1314; x_wconf 91' lang='lat' dir='ltr'><strong>oui</strong></span> <span class='ocrx_word' id='word_1_68' title='bbox 429 1249 526 1315; x_wconf 91' lang='lat' dir='ltr'><strong>debeo</strong></span> <span class='ocrx_word' id='word_1_69' title='bbox 555 1269 623 1314; x_wconf 90' lang='lat' dir='ltr'><strong>esse</strong></span> <span class='ocrx_word' id='word_1_70' title='bbox 649 1250 805 1330; x_wconf 76' lang='lat' dir='ltr'><strong>inimiouS,</strong></span> <span class='ocrx_word' id='word_1_71' title='bbox 834 1250 861 1314; x_wconf 89' lang='lat' dir='ltr'><strong>si</strong></span> <span class='ocrx_word' id='word_1_72' title='bbox 883 1250 1002 1314; x_wconf 89' lang='lat' dir='ltr'><strong>amicus</strong></span> <span class='ocrx_word' id='word_1_73' title='bbox 1030 1253 1102 1314; x_wconf 90' lang='lat' dir='ltr'><strong>tuus</strong></span> <span class='ocrx_word' id='word_1_74' title='bbox 1130 1269 1211 1315; x_wconf 90' lang='lat' dir='ltr'><strong>sum.</strong></span> 
     </span>
     <span class='ocr_line' id='line_1_9' title="bbox 73 1353 1212 1438; baseline 0.002 -21"><span class='ocrx_word' id='word_1_75' title='bbox 73 1353 290 1438; x_wconf 86' lang='lat' dir='ltr'><strong>respondebit:</strong></span> <span class='ocrx_word' id='word_1_76' title='bbox 325 1356 394 1437; x_wconf 90' lang='lat' dir='ltr'><strong>quis</strong></span> <span class='ocrx_word' id='word_1_77' title='bbox 429 1358 477 1418; x_wconf 89' lang='lat' dir='ltr'><strong>est</strong></span> <span class='ocrx_word' id='word_1_78' title='bbox 511 1355 590 1419; x_wconf 89' lang='lat' dir='ltr'><strong>alius</strong></span> <span class='ocrx_word' id='word_1_79' title='bbox 625 1355 771 1419; x_wconf 89' lang='lat' dir='ltr'><strong>inimicus</strong></span> <span class='ocrx_word' id='word_1_80' title='bbox 802 1357 916 1419; x_wconf 81' lang='lat' dir='ltr'><strong>meus?</strong></span> <span class='ocrx_word' id='word_1_81' title='bbox 968 1354 1083 1419; x_wconf 93' lang='lat' dir='ltr'><strong>uitium</strong></span> <span class='ocrx_word' id='word_1_82' title='bbox 1113 1359 1212 1419; x_wconf 90' lang='lat' dir='ltr'><strong>tuum.</strong></span> 
     </span>
     <span class='ocr_line' id='line_1_10' title="bbox 72 1457 1213 1542; baseline 0.002 -21"><span class='ocrx_word' id='word_1_83' title='bbox 72 1457 284 1542; x_wconf 88' lang='lat' dir='ltr'><strong>respondebit:</strong></span> <span class='ocrx_word' id='word_1_84' title='bbox 314 1459 386 1541; x_wconf 89' lang='lat' dir='ltr'><strong>quid</strong></span> <span class='ocrx_word' id='word_1_85' title='bbox 411 1463 459 1522; x_wconf 89' lang='lat' dir='ltr'><strong>est</strong></span> <span class='ocrx_word' id='word_1_86' title='bbox 481 1457 593 1522; x_wconf 82' lang='lat' dir='ltr'><strong>uitium</strong></span> <span class='ocrx_word' id='word_1_87' title='bbox 622 1461 748 1523; x_wconf 80' lang='lat' dir='ltr'><strong>meum?</strong></span> <span class='ocrx_word' id='word_1_88' title='bbox 793 1459 909 1538; x_wconf 85' lang='lat' dir='ltr'><strong>odium,</strong></span> <span class='ocrx_word' id='word_1_89' title='bbox 933 1476 994 1540; x_wconf 90' lang='lat' dir='ltr'><strong>quo</strong></span> <span class='ocrx_word' id='word_1_90' title='bbox 1021 1458 1112 1523; x_wconf 89' lang='lat' dir='ltr'><strong>odisti</strong></span> <span class='ocrx_word' id='word_1_91' title='bbox 1138 1459 1213 1523; x_wconf 89' lang='lat' dir='ltr'><strong>ami-</strong></span> 
     </span>
     <span class='ocr_line' id='line_1_11' title="bbox 73 1567 1265 1629; baseline 0.003 -3"><span class='ocrx_word' id='word_1_92' title='bbox 73 1581 139 1627; x_wconf 89' lang='lat' dir='ltr'><strong>cum</strong></span> <span class='ocrx_word' id='word_1_93' title='bbox 164 1567 267 1628; x_wconf 88' lang='lat' dir='ltr'><strong>tuum.</strong></span> <span class='ocrx_word' id='word_1_94' title='bbox 1242 1591 1265 1629; x_wconf 86' lang='grc' dir='ltr'><strong>ιο</strong></span> 
     </span>
     <span class='ocr_line' id='line_1_12' title="bbox 113 1667 1212 1752; baseline -0.001 -19"><span class='ocrx_word' id='word_1_95' title='bbox 113 1667 191 1733; x_wconf 83' lang='lat' dir='ltr'><strong>Esto</strong></span> <span class='ocrx_word' id='word_1_96' title='bbox 219 1686 292 1752; x_wconf 86' lang='lat' dir='ltr'><strong>ergo</strong></span> <span class='ocrx_word' id='word_1_97' title='bbox 321 1667 432 1732; x_wconf 91' lang='lat' dir='ltr'><strong>similis</strong></span> <span class='ocrx_word' id='word_1_98' title='bbox 455 1667 585 1732; x_wconf 86' lang='lat' dir='ltr'><strong>medico.</strong></span> <span class='ocrx_word' id='word_1_99' title='bbox 631 1667 769 1732; x_wconf 83' lang='lat' dir='ltr'><strong>medieas</strong></span> <span class='ocrx_word' id='word_1_100' title='bbox 793 1685 855 1732; x_wconf 90' lang='lat' dir='ltr'><strong>non</strong></span> <span class='ocrx_word' id='word_1_101' title='bbox 879 1671 963 1732; x_wconf 89' lang='lat' dir='ltr'><strong>amat</strong></span> <span class='ocrx_word' id='word_1_102' title='bbox 986 1671 1212 1752; x_wconf 82' lang='lat' dir='ltr'><strong>aegrotantem,</strong></span> 
     </span>
     <span class='ocr_line' id='line_1_13' title="bbox 72 1771 1213 1856; baseline -0.001 -20"><span class='ocrx_word' id='word_1_103' title='bbox 72 1774 96 1836; x_wconf 86' lang='lat' dir='ltr'><strong>si</strong></span> <span class='ocrx_word' id='word_1_104' title='bbox 125 1791 190 1838; x_wconf 91' lang='lat' dir='ltr'><strong>non</strong></span> <span class='ocrx_word' id='word_1_105' title='bbox 222 1772 286 1836; x_wconf 92' lang='lat' dir='ltr'><strong>odit</strong></span> <span class='ocrx_word' id='word_1_106' title='bbox 316 1772 553 1856; x_wconf 81' lang='lat' dir='ltr'><strong>aegritudinem.</strong></span> <span class='ocrx_word' id='word_1_107' title='bbox 599 1776 635 1836; x_wconf 86' lang='lat' dir='ltr'><strong>ut</strong></span> <span class='ocrx_word' id='word_1_108' title='bbox 664 1771 777 1836; x_wconf 90' lang='lat' dir='ltr'><strong>liberet</strong></span> <span class='ocrx_word' id='word_1_109' title='bbox 808 1775 986 1856; x_wconf 86' lang='lat' dir='ltr'><strong>aegrotum,</strong></span> <span class='ocrx_word' id='word_1_110' title='bbox 1016 1773 1213 1854; x_wconf 86' lang='lat' dir='ltr'><strong>persequitur</strong></span> 
     </span>
     <span class='ocr_line' id='line_1_14' title="bbox 72 1875 1212 1956; baseline 0 -16"><span class='ocrx_word' id='word_1_111' title='bbox 72 1877 199 1942; x_wconf 86' lang='lat' dir='ltr'><strong>iobrem.</strong></span> <span class='ocrx_word' id='word_1_112' title='bbox 246 1875 342 1941; x_wconf 90' lang='lat' dir='ltr'><strong>nolite</strong></span> <span class='ocrx_word' id='word_1_113' title='bbox 372 1894 478 1940; x_wconf 88' lang='lat' dir='ltr'><strong>amare</strong></span> <span class='ocrx_word' id='word_1_114' title='bbox 508 1877 587 1940; x_wconf 88' lang='lat' dir='ltr'><strong>uitia</strong></span> <span class='ocrx_word' id='word_1_115' title='bbox 616 1876 788 1940; x_wconf 88' lang='lat' dir='ltr'><strong>amicorum</strong></span> <span class='ocrx_word' id='word_1_116' title='bbox 818 1879 1009 1956; x_wconf 88' lang='lat' dir='ltr'><strong>uestrorum,</strong></span> <span class='ocrx_word' id='word_1_117' title='bbox 1041 1876 1068 1939; x_wconf 91' lang='lat' dir='ltr'><strong>si</strong></span> <span class='ocrx_word' id='word_1_118' title='bbox 1098 1877 1212 1940; x_wconf 86' lang='lat' dir='ltr'><strong>amatis</strong></span> 
     </span>
     <span class='ocr_line' id='line_1_15' title="bbox 71 1979 1211 2064; baseline -0.001 -20"><span class='ocrx_word' id='word_1_119' title='bbox 71 1981 187 2047; x_wconf 85' lang='lat' dir='ltr'><strong>amieos</strong></span> <span class='ocrx_word' id='word_1_120' title='bbox 210 1984 343 2045; x_wconf 90' lang='lat' dir='ltr'><strong>uestros.</strong></span> <span class='ocrx_word' id='word_1_121' title='bbox 382 1981 437 2045; x_wconf 90' lang='lat' dir='ltr'><strong>sed</strong></span> <span class='ocrx_word' id='word_1_122' title='bbox 460 1983 510 2044; x_wconf 91' lang='lat' dir='ltr'><strong>oui</strong></span> <span class='ocrx_word' id='word_1_123' title='bbox 534 1980 613 2060; x_wconf 91' lang='lat' dir='ltr'><strong>dieo,</strong></span> <span class='ocrx_word' id='word_1_124' title='bbox 636 1985 738 2064; x_wconf 90' lang='lat' dir='ltr'><strong>putas,</strong></span> <span class='ocrx_word' id='word_1_125' title='bbox 761 1999 801 2044; x_wconf 92' lang='lat' dir='ltr'><strong>ne</strong></span> <span class='ocrx_word' id='word_1_126' title='bbox 823 1981 903 2044; x_wconf 82' lang='lat' dir='ltr'><strong>facio</strong></span> <span class='ocrx_word' id='word_1_127' title='bbox 926 1998 983 2064; x_wconf 87' lang='lat' dir='ltr'><strong>ego</strong></span> <span class='ocrx_word' id='word_1_128' title='bbox 1006 1979 1095 2063; x_wconf 79' lang='lat' dir='ltr'><strong>ipse?</strong></span> <span class='ocrx_word' id='word_1_129' title='bbox 1130 1981 1211 2062; x_wconf 90' lang='lat' dir='ltr'><strong>qnod</strong></span> 
     </span>
     <span class='ocr_line' id='line_1_16' title="bbox 70 2083 1264 2168; baseline 0.002 -20"><span class='ocrx_word' id='word_1_130' title='bbox 70 2085 144 2166; x_wconf 91' lang='lat' dir='ltr'><strong>dieo,</strong></span> <span class='ocrx_word' id='word_1_131' title='bbox 169 2085 282 2150; x_wconf 85' lang='lat' dir='ltr'><strong>fratres</strong></span> <span class='ocrx_word' id='word_1_132' title='bbox 307 2085 379 2166; x_wconf 91' lang='lat' dir='ltr'><strong>mei,</strong></span> <span class='ocrx_word' id='word_1_133' title='bbox 402 2085 492 2164; x_wconf 83' lang='lat' dir='ltr'><strong>facio,</strong></span> <span class='ocrx_word' id='word_1_134' title='bbox 516 2085 597 2149; x_wconf 88' lang='lat' dir='ltr'><strong>siin</strong></span> <span class='ocrx_word' id='word_1_135' title='bbox 621 2103 672 2148; x_wconf 92' lang='lat' dir='ltr'><strong>me</strong></span> <span class='ocrx_word' id='word_1_136' title='bbox 694 2084 784 2149; x_wconf 82' lang='lat' dir='ltr'><strong>facio.</strong></span> <span class='ocrx_word' id='word_1_137' title='bbox 830 2084 952 2168; x_wconf 91' lang='lat' dir='ltr'><strong>primus</strong></span> <span class='ocrx_word' id='word_1_138' title='bbox 976 2086 1081 2148; x_wconf 84' lang='lat' dir='ltr'><strong>eutem</strong></span> <span class='ocrx_word' id='word_1_139' title='bbox 1104 2083 1135 2147; x_wconf 91' lang='lat' dir='ltr'><strong>in</strong></span> <span class='ocrx_word' id='word_1_140' title='bbox 1160 2102 1210 2148; x_wconf 93' lang='lat' dir='ltr'><strong>me</strong></span> <span class='ocrx_word' id='word_1_141' title='bbox 1239 2110 1264 2150; x_wconf 77' lang='lat' dir='ltr'><strong>n</strong></span> 
     </span>
     <span class='ocr_line' id='line_1_17' title="bbox 71 2187 1213 2272; baseline -0.001 -20"><span class='ocrx_word' id='word_1_142' title='bbox 71 2189 156 2270; x_wconf 81' lang='lat' dir='ltr'><strong>facio,</strong></span> <span class='ocrx_word' id='word_1_143' title='bbox 181 2190 208 2254; x_wconf 89' lang='lat' dir='ltr'><strong>si</strong></span> <span class='ocrx_word' id='word_1_144' title='bbox 225 2207 243 2253; x_wconf 93' lang='lat' dir='ltr'><strong>a</strong></span> <span class='ocrx_word' id='word_1_145' title='bbox 259 2189 384 2254; x_wconf 94' lang='lat' dir='ltr'><strong>domino</strong></span> <span class='ocrx_word' id='word_1_146' title='bbox 409 2189 525 2272; x_wconf 85' lang='lat' dir='ltr'><strong>accipio</strong></span> <span class='ocrx_word' id='word_1_147' title='bbox 542 2189 610 2253; x_wconf 93' lang='lat' dir='ltr'><strong>odio</strong></span> <span class='ocrx_word' id='word_1_148' title='bbox 633 2189 711 2253; x_wconf 89' lang='lat' dir='ltr'><strong>uitia</strong></span> <span class='ocrx_word' id='word_1_149' title='bbox 733 2208 814 2269; x_wconf 88' lang='lat' dir='ltr'><strong>mea,</strong></span> <span class='ocrx_word' id='word_1_150' title='bbox 838 2206 1011 2253; x_wconf 83' lang='lat' dir='ltr'><strong>cormeum</strong></span> <span class='ocrx_word' id='word_1_151' title='bbox 1036 2187 1073 2252; x_wconf 88' lang='lat' dir='ltr'><strong>ad</strong></span> <span class='ocrx_word' id='word_1_152' title='bbox 1099 2205 1213 2252; x_wconf 91' lang='lat' dir='ltr'><strong>sanan-</strong></span> 
     </span>
     <span class='ocr_line' id='line_1_18' title="bbox 70 2293 1211 2376; baseline 0 -20"><span class='ocrx_word' id='word_1_153' title='bbox 70 2294 142 2358; x_wconf 94' lang='lat' dir='ltr'><strong>dum</strong></span> <span class='ocrx_word' id='word_1_154' title='bbox 158 2293 257 2358; x_wconf 83' lang='lat' dir='ltr'><strong>offero</strong></span> <span class='ocrx_word' id='word_1_155' title='bbox 281 2293 410 2373; x_wconf 91' lang='lat' dir='ltr'><strong>medico,</strong></span> <span class='ocrx_word' id='word_1_156' title='bbox 434 2311 604 2376; x_wconf 88' lang='lat' dir='ltr'><strong>persequor</strong></span> <span class='ocrx_word' id='word_1_157' title='bbox 625 2296 765 2376; x_wconf 90' lang='lat' dir='ltr'><strong>peecata,</strong></span> <span class='ocrx_word' id='word_1_158' title='bbox 781 2297 934 2375; x_wconf 86' lang='lat' dir='ltr'><strong>quantum</strong></span> <span class='ocrx_word' id='word_1_159' title='bbox 956 2310 1096 2376; x_wconf 88' lang='lat' dir='ltr'><strong>possum,</strong></span> <span class='ocrx_word' id='word_1_160' title='bbox 1119 2310 1211 2375; x_wconf 83' lang='lat' dir='ltr'><strong>gemo</strong></span> 
     </span>
     <span class='ocr_line' id='line_1_19' title="bbox 69 2396 1212 2480; baseline -0.002 -18"><span class='ocrx_word' id='word_1_161' title='bbox 69 2399 104 2462; x_wconf 90' lang='lat' dir='ltr'><strong>de</strong></span> <span class='ocrx_word' id='word_1_162' title='bbox 127 2399 202 2480; x_wconf 88' lang='lat' dir='ltr'><strong>illis,</strong></span> <span class='ocrx_word' id='word_1_163' title='bbox 234 2396 393 2480; x_wconf 88' lang='lat' dir='ltr'><strong>confiteor,</strong></span> <span class='ocrx_word' id='word_1_164' title='bbox 421 2398 495 2480; x_wconf 88' lang='lat' dir='ltr'><strong>quia</strong></span> <span class='ocrx_word' id='word_1_165' title='bbox 517 2398 645 2462; x_wconf 89' lang='lat' dir='ltr'><strong>suntin</strong></span> <span class='ocrx_word' id='word_1_166' title='bbox 677 2415 737 2478; x_wconf 92' lang='lat' dir='ltr'><strong>me,</strong></span> <span class='ocrx_word' id='word_1_167' title='bbox 766 2401 797 2461; x_wconf 93' lang='lat' dir='ltr'><strong>et</strong></span> <span class='ocrx_word' id='word_1_168' title='bbox 827 2415 884 2480; x_wconf 87' lang='lat' dir='ltr'><strong>ego</strong></span> <span class='ocrx_word' id='word_1_169' title='bbox 912 2414 1024 2461; x_wconf 87' lang='lat' dir='ltr'><strong>uocuso</strong></span> <span class='ocrx_word' id='word_1_170' title='bbox 1052 2415 1112 2460; x_wconf 91' lang='lat' dir='ltr'><strong>me.</strong></span> <span class='ocrx_word' id='word_1_171' title='bbox 1159 2396 1212 2479; x_wconf 89' lang='lat' dir='ltr'><strong>qui</strong></span> 
     </span>
     <span class='ocr_line' id='line_1_20' title="bbox 70 2501 1212 2586; baseline 0 -21"><span class='ocrx_word' id='word_1_172' title='bbox 70 2521 117 2566; x_wconf 86' lang='lat' dir='ltr'><strong>me</strong></span> <span class='ocrx_word' id='word_1_173' title='bbox 144 2501 408 2586; x_wconf 87' lang='lat' dir='ltr'><strong>reprehendebas,</strong></span> <span class='ocrx_word' id='word_1_174' title='bbox 440 2502 559 2586; x_wconf 85' lang='lat' dir='ltr'><strong>corrige</strong></span> <span class='ocrx_word' id='word_1_175' title='bbox 590 2506 629 2566; x_wconf 90' lang='lat' dir='ltr'><strong>te.</strong></span> <span class='ocrx_word' id='word_1_176' title='bbox 675 2501 752 2566; x_wconf 85' lang='lat' dir='ltr'><strong>haee</strong></span> <span class='ocrx_word' id='word_1_177' title='bbox 783 2505 830 2566; x_wconf 87' lang='lat' dir='ltr'><strong>est</strong></span> <span class='ocrx_word' id='word_1_178' title='bbox 860 2501 990 2582; x_wconf 80' lang='lat' dir='ltr'><strong>iustitia,</strong></span> <span class='ocrx_word' id='word_1_179' title='bbox 1021 2521 1060 2565; x_wconf 90' lang='lat' dir='ltr'><strong>ne</strong></span> <span class='ocrx_word' id='word_1_180' title='bbox 1091 2501 1212 2565; x_wconf 86' lang='lat' dir='ltr'><strong>dicatur</strong></span> 
     </span>
     <span class='ocr_line' id='line_1_21' title="bbox 68 2604 1264 2688; baseline 0.001 -17"><span class='ocrx_word' id='word_1_181' title='bbox 68 2607 171 2672; x_wconf 86' lang='lat' dir='ltr'><strong>nobis:</strong></span> <span class='ocrx_word' id='word_1_182' title='bbox 196 2606 376 2688; x_wconf 89' lang='lat' dir='ltr'><strong>stipulam</strong></span> <span class='ocrx_word' id='word_1_183' title='bbox 399 2606 435 2670; x_wconf 92' lang='lat' dir='ltr'><strong>in</strong></span> <span class='ocrx_word' id='word_1_184' title='bbox 458 2607 563 2671; x_wconf 88' lang='lat' dir='ltr'><strong>oculo</strong></span> <span class='ocrx_word' id='word_1_185' title='bbox 586 2606 718 2670; x_wconf 84' lang='lat' dir='ltr'><strong>fratris</strong></span> <span class='ocrx_word' id='word_1_186' title='bbox 741 2606 796 2670; x_wconf 93' lang='lat' dir='ltr'><strong>tui</strong></span> <span class='ocrx_word' id='word_1_187' title='bbox 819 2609 858 2670; x_wconf 91' lang='lat' dir='ltr'><strong>tu</strong></span> <span class='ocrx_word' id='word_1_188' title='bbox 881 2605 986 2670; x_wconf 90' lang='lat' dir='ltr'><strong>uides</strong></span> <span class='ocrx_word' id='word_1_189' title='bbox 1007 2609 1043 2669; x_wconf 91' lang='lat' dir='ltr'><strong>et</strong></span> <span class='ocrx_word' id='word_1_190' title='bbox 1065 2604 1210 2670; x_wconf 92' lang='lat' dir='ltr'><strong>trabem</strong></span> <span class='ocrx_word' id='word_1_191' title='bbox 1238 2632 1264 2672; x_wconf 79' lang='lat' dir='ltr'><strong>ro</strong></span> 
     </span>
     <span class='ocr_line' id='line_1_22' title="bbox 67 2709 1210 2794; baseline -0.001 -20"><span class='ocrx_word' id='word_1_192' title='bbox 67 2713 101 2775; x_wconf 91' lang='lat' dir='ltr'><strong>in</strong></span> <span class='ocrx_word' id='word_1_193' title='bbox 129 2712 239 2776; x_wconf 87' lang='lat' dir='ltr'><strong>oculo</strong></span> <span class='ocrx_word' id='word_1_194' title='bbox 267 2713 330 2775; x_wconf 92' lang='lat' dir='ltr'><strong>tuo</strong></span> <span class='ocrx_word' id='word_1_195' title='bbox 358 2729 428 2775; x_wconf 91' lang='lat' dir='ltr'><strong>nou</strong></span> <span class='ocrx_word' id='word_1_196' title='bbox 456 2711 572 2775; x_wconf 86' lang='lat' dir='ltr'><strong>uides.</strong></span> <span class='ocrx_word' id='word_1_197' title='bbox 618 2711 823 2794; x_wconf 81' lang='lat' dir='ltr'><strong>hypocrita,</strong></span> <span class='ocrx_word' id='word_1_198' title='bbox 852 2710 928 2774; x_wconf 90' lang='lat' dir='ltr'><strong>eice</strong></span> <span class='ocrx_word' id='word_1_199' title='bbox 956 2709 1115 2793; x_wconf 89' lang='lat' dir='ltr'><strong>primum</strong></span> <span class='ocrx_word' id='word_1_200' title='bbox 1137 2712 1210 2773; x_wconf 86' lang='lat' dir='ltr'><strong>tra-</strong></span> 
     </span>
     <span class='ocr_line' id='line_1_23' title="bbox 66 2813 1210 2895; baseline -0.001 -17"><span class='ocrx_word' id='word_1_201' title='bbox 66 2815 146 2880; x_wconf 88' lang='lat' dir='ltr'><strong>bem</strong></span> <span class='ocrx_word' id='word_1_202' title='bbox 178 2816 221 2880; x_wconf 94' lang='lat' dir='ltr'><strong>de</strong></span> <span class='ocrx_word' id='word_1_203' title='bbox 253 2815 360 2879; x_wconf 89' lang='lat' dir='ltr'><strong>oeulo</strong></span> <span class='ocrx_word' id='word_1_204' title='bbox 392 2819 463 2880; x_wconf 91' lang='lat' dir='ltr'><strong>tuo.</strong></span> <span class='ocrx_word' id='word_1_205' title='bbox 509 2815 556 2879; x_wconf 90' lang='lat' dir='ltr'><strong>ira</strong></span> <span class='ocrx_word' id='word_1_206' title='bbox 578 2814 690 2879; x_wconf 86' lang='lat' dir='ltr'><strong>fistuca</strong></span> <span class='ocrx_word' id='word_1_207' title='bbox 713 2817 770 2895; x_wconf 90' lang='lat' dir='ltr'><strong>est,</strong></span> <span class='ocrx_word' id='word_1_208' title='bbox 798 2814 903 2878; x_wconf 90' lang='lat' dir='ltr'><strong>odium</strong></span> <span class='ocrx_word' id='word_1_209' title='bbox 926 2813 1042 2894; x_wconf 86' lang='lat' dir='ltr'><strong>trabes,</strong></span> <span class='ocrx_word' id='word_1_210' title='bbox 1073 2813 1128 2878; x_wconf 87' lang='lat' dir='ltr'><strong>sed</strong></span> <span class='ocrx_word' id='word_1_211' title='bbox 1151 2831 1210 2877; x_wconf 88' lang='lat' dir='ltr'><strong>nu·</strong></span> 
     </span>
     <span class='ocr_line' id='line_1_24' title="bbox 66 2916 1210 3000; baseline -0.003 -16"><span class='ocrx_word' id='word_1_212' title='bbox 66 2919 146 2984; x_wconf 87' lang='lat' dir='ltr'><strong>tristi</strong></span> <span class='ocrx_word' id='word_1_213' title='bbox 175 2919 320 2984; x_wconf 87' lang='lat' dir='ltr'><strong>fistucam</strong></span> <span class='ocrx_word' id='word_1_214' title='bbox 350 2921 381 2983; x_wconf 92' lang='lat' dir='ltr'><strong>et</strong></span> <span class='ocrx_word' id='word_1_215' title='bbox 407 2919 444 2984; x_wconf 87' lang='lat' dir='ltr'><strong>fit</strong></span> <span class='ocrx_word' id='word_1_216' title='bbox 465 2919 580 2984; x_wconf 84' lang='lat' dir='ltr'><strong>trabes.</strong></span> <span class='ocrx_word' id='word_1_217' title='bbox 626 2918 673 2983; x_wconf 93' lang='lat' dir='ltr'><strong>ira</strong></span> <span class='ocrx_word' id='word_1_218' title='bbox 695 2919 870 2983; x_wconf 86' lang='lat' dir='ltr'><strong>inueterata</strong></span> <span class='ocrx_word' id='word_1_219' title='bbox 891 2917 928 2982; x_wconf 89' lang='lat' dir='ltr'><strong>fit</strong></span> <span class='ocrx_word' id='word_1_220' title='bbox 949 2917 1070 3000; x_wconf 92' lang='lat' dir='ltr'><strong>odium,</strong></span> <span class='ocrx_word' id='word_1_221' title='bbox 1099 2916 1210 2982; x_wconf 88' lang='lat' dir='ltr'><strong>tistuoa</strong></span> 
     </span>
     <span class='ocr_line' id='line_1_25' title="bbox 64 3021 1209 3107; baseline -0.003 -18"><span class='ocrx_word' id='word_1_222' title='bbox 64 3025 185 3089; x_wconf 74' lang='lat' dir='ltr'><strong>nonita</strong></span> <span class='ocrx_word' id='word_1_223' title='bbox 204 3023 241 3088; x_wconf 88' lang='lat' dir='ltr'><strong>fit</strong></span> <span class='ocrx_word' id='word_1_224' title='bbox 263 3023 378 3088; x_wconf 86' lang='lat' dir='ltr'><strong>trabes.</strong></span> <span class='ocrx_word' id='word_1_225' title='bbox 417 3027 452 3088; x_wconf 94' lang='lat' dir='ltr'><strong>ut</strong></span> <span class='ocrx_word' id='word_1_226' title='bbox 472 3041 545 3107; x_wconf 86' lang='lat' dir='ltr'><strong>ergo</strong></span> <span class='ocrx_word' id='word_1_227' title='bbox 561 3023 673 3088; x_wconf 86' lang='lat' dir='ltr'><strong>fistuca</strong></span> <span class='ocrx_word' id='word_1_228' title='bbox 695 3041 758 3088; x_wconf 93' lang='lat' dir='ltr'><strong>uon</strong></span> <span class='ocrx_word' id='word_1_229' title='bbox 774 3023 830 3088; x_wconf 89' lang='lat' dir='ltr'><strong>fiat</strong></span> <span class='ocrx_word' id='word_1_230' title='bbox 845 3021 962 3103; x_wconf 77' lang='lat' dir='ltr'><strong>trabeS,</strong></span> <span class='ocrx_word' id='word_1_231' title='bbox 978 3040 1048 3087; x_wconf 95' lang='lat' dir='ltr'><strong>non</strong></span> <span class='ocrx_word' id='word_1_232' title='bbox 1064 3021 1209 3086; x_wconf 87' lang='lat' dir='ltr'><strong>occidat</strong></span> 
     </span>
     <span class='ocr_line' id='line_1_26' title="bbox 63 3127 1261 3213; baseline 0.001 -20"><span class='ocrx_word' id='word_1_233' title='bbox 63 3129 115 3193; x_wconf 91' lang='lat' dir='ltr'><strong>sol</strong></span> <span class='ocrx_word' id='word_1_234' title='bbox 133 3147 247 3213; x_wconf 91' lang='lat' dir='ltr'><strong>super</strong></span> <span class='ocrx_word' id='word_1_235' title='bbox 263 3127 493 3192; x_wconf 89' lang='lat' dir='ltr'><strong>iracundiam</strong></span> <span class='ocrx_word' id='word_1_236' title='bbox 513 3131 686 3193; x_wconf 90' lang='lat' dir='ltr'><strong>uestram.</strong></span> <span class='ocrx_word' id='word_1_237' title='bbox 733 3127 820 3192; x_wconf 91' lang='lat' dir='ltr'><strong>nidos</strong></span> <span class='ocrx_word' id='word_1_238' title='bbox 843 3127 1004 3210; x_wconf 85' lang='lat' dir='ltr'><strong>scutisque</strong></span> <span class='ocrx_word' id='word_1_239' title='bbox 1026 3127 1095 3191; x_wconf 94' lang='lat' dir='ltr'><strong>odio</strong></span> <span class='ocrx_word' id='word_1_240' title='bbox 1117 3129 1148 3191; x_wconf 86' lang='lat' dir='ltr'><strong>te</strong></span> <span class='ocrx_word' id='word_1_241' title='bbox 1171 3127 1208 3191; x_wconf 96' lang='lat' dir='ltr'><strong>li·</strong></span> <span class='ocrx_word' id='word_1_242' title='bbox 1235 3153 1261 3194; x_wconf 80' lang='lat' dir='ltr'><strong>re</strong></span> 
     </span>
     <span class='ocr_line' id='line_1_27' title="bbox 62 3231 1208 3314; baseline 0 -18"><span class='ocrx_word' id='word_1_243' title='bbox 62 3237 193 3298; x_wconf 86' lang='lat' dir='ltr'><strong>centem</strong></span> <span class='ocrx_word' id='word_1_244' title='bbox 221 3237 254 3297; x_wconf 90' lang='lat' dir='ltr'><strong>et</strong></span> <span class='ocrx_word' id='word_1_245' title='bbox 280 3231 480 3314; x_wconf 88' lang='lat' dir='ltr'><strong>reprehendis</strong></span> <span class='ocrx_word' id='word_1_246' title='bbox 503 3233 712 3296; x_wconf 77' lang='lat' dir='ltr'><strong>irascentem?</strong></span> <span class='ocrx_word' id='word_1_247' title='bbox 750 3233 824 3297; x_wconf 89' lang='lat' dir='ltr'><strong>tolle</strong></span> <span class='ocrx_word' id='word_1_248' title='bbox 848 3251 864 3295; x_wconf 92' lang='lat' dir='ltr'><strong>e</strong></span> <span class='ocrx_word' id='word_1_249' title='bbox 888 3235 918 3296; x_wconf 91' lang='lat' dir='ltr'><strong>te</strong></span> <span class='ocrx_word' id='word_1_250' title='bbox 942 3231 1048 3296; x_wconf 92' lang='lat' dir='ltr'><strong>odium</strong></span> <span class='ocrx_word' id='word_1_251' title='bbox 1071 3234 1103 3295; x_wconf 89' lang='lat' dir='ltr'><strong>et</strong></span> <span class='ocrx_word' id='word_1_252' title='bbox 1124 3233 1208 3296; x_wconf 87' lang='lat' dir='ltr'><strong>recte</strong></span> 
     </span>
     <span class='ocr_line' id='line_1_28' title="bbox 59 3334 1206 3423; baseline -0.001 -22"><span class='ocrx_word' id='word_1_253' title='bbox 59 3336 266 3423; x_wconf 89' lang='lat' dir='ltr'><strong>reprehendis</strong></span> <span class='ocrx_word' id='word_1_254' title='bbox 288 3336 377 3401; x_wconf 88' lang='lat' dir='ltr'><strong>iram.</strong></span> <span class='ocrx_word' id='word_1_255' title='bbox 419 3335 532 3401; x_wconf 85' lang='lat' dir='ltr'><strong>fistuca</strong></span> <span class='ocrx_word' id='word_1_256' title='bbox 554 3340 603 3401; x_wconf 91' lang='lat' dir='ltr'><strong>est</strong></span> <span class='ocrx_word' id='word_1_257' title='bbox 624 3337 656 3400; x_wconf 93' lang='lat' dir='ltr'><strong>in</strong></span> <span class='ocrx_word' id='word_1_258' title='bbox 680 3336 769 3401; x_wconf 90' lang='lat' dir='ltr'><strong>oculo</strong></span> <span class='ocrx_word' id='word_1_259' title='bbox 792 3353 858 3416; x_wconf 91' lang='lat' dir='ltr'><strong>suo,</strong></span> <span class='ocrx_word' id='word_1_260' title='bbox 888 3335 920 3400; x_wconf 92' lang='lat' dir='ltr'><strong>in</strong></span> <span class='ocrx_word' id='word_1_261' title='bbox 943 3339 998 3400; x_wconf 88' lang='lat' dir='ltr'><strong>tuo</strong></span> <span class='ocrx_word' id='word_1_262' title='bbox 1020 3334 1126 3400; x_wconf 88' lang='lat' dir='ltr'><strong>trabes</strong></span> <span class='ocrx_word' id='word_1_263' title='bbox 1150 3339 1206 3400; x_wconf 90' lang='lat' dir='ltr'><strong>est.</strong></span> 
     </span>
    </p>
   </div>
   <div class='ocr_carea' id='block_1_3' title="bbox 166 3593 866 3668">
    <p class='ocr_par' dir='ltr' id='par_1_3' title="bbox 166 3593 866 3668">
     <span class='ocr_line' id='line_1_29' title="bbox 166 3593 866 3668; baseline -0.009 -14"><span class='ocrx_word' id='word_1_264' title='bbox 166 3595 214 3668; x_wconf 89' lang='grc'><strong>20]</strong></span> <span class='ocrx_word' id='word_1_265' title='bbox 233 3595 330 3652; x_wconf 78' lang='lat' dir='ltr'><strong>natm.</strong></span> <span class='ocrx_word' id='word_1_266' title='bbox 346 3597 371 3662; x_wconf 84' lang='grc'><strong>7,</strong></span> <span class='ocrx_word' id='word_1_267' title='bbox 383 3597 412 3660; x_wconf 79' lang='grc'><strong>3;</strong></span> <span class='ocrx_word' id='word_1_268' title='bbox 429 3593 494 3650; x_wconf 86' lang='lat' dir='ltr'><strong>Lao.</strong></span> <span class='ocrx_word' id='word_1_269' title='bbox 507 3597 532 3660; x_wconf 82' lang='grc'><strong>6,</strong></span> <span class='ocrx_word' id='word_1_270' title='bbox 545 3597 587 3652; x_wconf 80' lang='grc'><strong>41.</strong></span> <span class='ocrx_word' id='word_1_271' title='bbox 641 3595 687 3665; x_wconf 85' lang='grc'><strong>24]</strong></span> <span class='ocrx_word' id='word_1_272' title='bbox 706 3593 773 3664; x_wconf 82' lang='lat' dir='ltr'><strong>Dph.</strong></span> <span class='ocrx_word' id='word_1_273' title='bbox 786 3596 812 3660; x_wconf 80' lang='lat'><strong>4,</strong></span> <span class='ocrx_word' id='word_1_274' title='bbox 823 3596 866 3650; x_wconf 88' lang='grc'><strong>26.</strong></span> 
     </span>
    </p>
   </div>
   <div class='ocr_carea' id='block_1_4' title="bbox 102 3847 1204 3919">
    <p class='ocr_par' dir='ltr' id='par_1_4' title="bbox 102 3847 1204 3919">
     <span class='ocr_line' id='line_1_30' title="bbox 102 3847 1204 3919; baseline -0.002 -12"><span class='ocrx_word' id='word_1_275' title='bbox 102 3847 260 3919; x_wconf 74' lang='lat' dir='ltr'><strong>ldierupit</strong></span> <span class='ocrx_word' id='word_1_276' title='bbox 278 3849 308 3903; x_wconf 91' lang='lat' dir='ltr'><em>D</em></span> <span class='ocrx_word' id='word_1_277' title='bbox 369 3851 571 3918; x_wconf 73' lang='lat' dir='ltr'><strong>aegrotantem</strong></span> <span class='ocrx_word' id='word_1_278' title='bbox 590 3850 621 3904; x_wconf 88' lang='lat' dir='ltr'><em>D</em></span> <span class='ocrx_word' id='word_1_279' title='bbox 683 3847 844 3904; x_wconf 85' lang='lat' dir='ltr'><strong>31uedieiui</strong></span> <span class='ocrx_word' id='word_1_280' title='bbox 862 3849 900 3915; x_wconf 86' lang='lat' dir='ltr'><strong>D,</strong></span> <span class='ocrx_word' id='word_1_281' title='bbox 918 3865 956 3902; x_wconf 78' lang='grc' dir='ltr'><strong>απ</strong></span> <span class='ocrx_word' id='word_1_282' title='bbox 973 3847 1070 3902; x_wconf 86' lang='lat' dir='ltr'><strong>medici</strong></span> <span class='ocrx_word' id='word_1_283' title='bbox 1088 3848 1204 3904; x_wconf 75' lang='lat' dir='ltr'><strong>seriben-</strong></span> 
     </span>
    </p>
   </div>
   <div class='ocr_carea' id='block_1_5' title="bbox 54 3959 1206 4470">
    <p class='ocr_par' dir='ltr' id='par_1_5' title="bbox 54 3959 1206 4470">
     <span class='ocr_line' id='line_1_31' title="bbox 57 3959 1206 4030; baseline -0.003 -12"><span class='ocrx_word' id='word_1_284' title='bbox 57 3966 145 4022; x_wconf 80' lang='lat' dir='ltr'><strong>denr?</strong></span> <span class='ocrx_word' id='word_1_285' title='bbox 203 3961 310 4017; x_wconf 81' lang='lat' dir='ltr'><strong>4i11ius</strong></span> <span class='ocrx_word' id='word_1_286' title='bbox 329 3963 443 4018; x_wconf 67' lang='lat' dir='ltr'><strong>delam</strong></span> <span class='ocrx_word' id='word_1_287' title='bbox 463 3964 493 4016; x_wconf 79' lang='lat' dir='ltr'><strong>in</strong></span> <span class='ocrx_word' id='word_1_288' title='bbox 512 3962 541 4016; x_wconf 90' lang='lat' dir='ltr'><em>D</em></span> <span class='ocrx_word' id='word_1_289' title='bbox 603 3960 760 4016; x_wconf 75' lang='lat' dir='ltr'><strong>&#39;tinimioos</strong></span> <span class='ocrx_word' id='word_1_290' title='bbox 777 3960 807 4015; x_wconf 90' lang='lat' dir='ltr'><em>D</em></span> <span class='ocrx_word' id='word_1_291' title='bbox 860 3959 940 4030; x_wconf 88' lang='lat' dir='ltr'><strong>8qni</strong></span> <span class='ocrx_word' id='word_1_292' title='bbox 958 3960 989 4015; x_wconf 92' lang='lat' dir='ltr'><em>D</em></span> <span class='ocrx_word' id='word_1_293' title='bbox 1040 3959 1158 4016; x_wconf 82' lang='lat' dir='ltr'><strong>9hodiri</strong></span> <span class='ocrx_word' id='word_1_294' title='bbox 1176 3960 1206 4014; x_wconf 91' lang='lat' dir='ltr'><em>D</em></span> 
     </span>
     <span class='ocr_line' id='line_1_32' title="bbox 59 4046 1204 4120; baseline -0.006 -13"><span class='ocrx_word' id='word_1_295' title='bbox 59 4055 85 4107; x_wconf 86' lang='lat' dir='ltr'><strong>li</strong></span> <span class='ocrx_word' id='word_1_296' title='bbox 107 4053 281 4120; x_wconf 77' lang='lat' dir='ltr'><strong>egrotantem</strong></span> <span class='ocrx_word' id='word_1_297' title='bbox 302 4050 330 4104; x_wconf 90' lang='lat' dir='ltr'><em>D</em></span> <span class='ocrx_word' id='word_1_298' title='bbox 397 4051 428 4104; x_wconf 91' lang='grc'><strong>12</strong></span> <span class='ocrx_word' id='word_1_299' title='bbox 447 4047 638 4118; x_wconf 77' lang='lat' dir='ltr'><strong>egredudiuem</strong></span> <span class='ocrx_word' id='word_1_300' title='bbox 658 4049 687 4102; x_wconf 94' lang='lat' dir='ltr'><em>D</em></span> <span class='ocrx_word' id='word_1_301' title='bbox 739 4047 833 4117; x_wconf 77' lang='lat' dir='ltr'><strong>egrotd</strong></span> <span class='ocrx_word' id='word_1_302' title='bbox 851 4048 881 4103; x_wconf 94' lang='lat' dir='ltr'><em>D</em></span> <span class='ocrx_word' id='word_1_303' title='bbox 944 4049 976 4103; x_wconf 80' lang='lat'><strong>14</strong></span> <span class='ocrx_word' id='word_1_304' title='bbox 994 4046 1049 4116; x_wconf 89' lang='lat' dir='ltr'><strong>oui]</strong></span> <span class='ocrx_word' id='word_1_305' title='bbox 1069 4047 1114 4116; x_wconf 86' lang='lat' dir='ltr'><strong>qui</strong></span> <span class='ocrx_word' id='word_1_306' title='bbox 1132 4047 1204 4118; x_wconf 77' lang='lat' dir='ltr'><strong>Aap.</strong></span> 
     </span>
     <span class='ocr_line' id='line_1_33' title="bbox 58 4133 1204 4206; baseline -0.006 -11"><span class='ocrx_word' id='word_1_307' title='bbox 58 4143 88 4196; x_wconf 87' lang='grc'><strong>16</strong></span> <span class='ocrx_word' id='word_1_308' title='bbox 106 4133 309 4206; x_wconf 81' lang='lat' dir='ltr'><strong>aecipiodioD</strong></span> <span class='ocrx_word' id='word_1_309' title='bbox 363 4137 395 4191; x_wconf 83' lang='lat'><strong>17</strong></span> <span class='ocrx_word' id='word_1_310' title='bbox 413 4151 505 4204; x_wconf 78' lang='lat' dir='ltr'><strong>gemeo</strong></span> <span class='ocrx_word' id='word_1_311' title='bbox 525 4135 554 4189; x_wconf 95' lang='lat' dir='ltr'><em>D</em></span> <span class='ocrx_word' id='word_1_312' title='bbox 608 4137 640 4191; x_wconf 91' lang='lat'><strong>18</strong></span> <span class='ocrx_word' id='word_1_313' title='bbox 658 4149 750 4189; x_wconf 77' lang='lat' dir='ltr'><strong>neusse</strong></span> <span class='ocrx_word' id='word_1_314' title='bbox 769 4136 799 4189; x_wconf 93' lang='lat' dir='ltr'><em>D</em></span> <span class='ocrx_word' id='word_1_315' title='bbox 852 4137 885 4191; x_wconf 91' lang='grc'><strong>19</strong></span> <span class='ocrx_word' id='word_1_316' title='bbox 903 4134 1051 4204; x_wconf 82' lang='lat' dir='ltr'><strong>corregeD</strong></span> <span class='ocrx_word' id='word_1_317' title='bbox 1102 4135 1135 4189; x_wconf 83' lang='lat'><strong>21</strong></span> <span class='ocrx_word' id='word_1_318' title='bbox 1154 4133 1204 4203; x_wconf 81' lang='lat' dir='ltr'><strong>hp·</strong></span> 
     </span>
     <span class='ocr_line' id='line_1_34' title="bbox 55 4219 1203 4294; baseline -0.004 -14"><span class='ocrx_word' id='word_1_319' title='bbox 55 4225 182 4294; x_wconf 80' lang='lat' dir='ltr'><strong>pochi-ita</strong></span> <span class='ocrx_word' id='word_1_320' title='bbox 202 4223 232 4277; x_wconf 93' lang='lat' dir='ltr'><em>D</em></span> <span class='ocrx_word' id='word_1_321' title='bbox 284 4221 354 4294; x_wconf 73' lang='lat' dir='ltr'><strong>picco</strong></span> <span class='ocrx_word' id='word_1_322' title='bbox 373 4223 402 4278; x_wconf 91' lang='lat' dir='ltr'><em>D</em></span> <span class='ocrx_word' id='word_1_323' title='bbox 454 4225 488 4278; x_wconf 92' lang='grc'><strong>22</strong></span> <span class='ocrx_word' id='word_1_324' title='bbox 507 4219 590 4276; x_wconf 82' lang='lat' dir='ltr'><strong>trabis</strong></span> <span class='ocrx_word' id='word_1_325' title='bbox 603 4222 742 4292; x_wconf 71' lang='lat' dir='ltr'><strong>Dubiproe</strong></span> <span class='ocrx_word' id='word_1_326' title='bbox 795 4221 881 4276; x_wconf 83' lang='lat' dir='ltr'><strong>nutris</strong></span> <span class='ocrx_word' id='word_1_327' title='bbox 894 4223 965 4292; x_wconf 77' lang='lat' dir='ltr'><strong>Aup.</strong></span> <span class='ocrx_word' id='word_1_328' title='bbox 1019 4219 1103 4276; x_wconf 82' lang='lat' dir='ltr'><strong>trabis</strong></span> <span class='ocrx_word' id='word_1_329' title='bbox 1122 4219 1203 4275; x_wconf 86' lang='lat' dir='ltr'><strong>sed-</strong></span> 
     </span>
     <span class='ocr_line' id='line_1_35' title="bbox 54 4305 1202 4380; baseline -0.003 -14"><span class='ocrx_word' id='word_1_330' title='bbox 54 4313 85 4368; x_wconf 82' lang='lat' dir='ltr'><strong>fia</strong></span> <span class='ocrx_word' id='word_1_331' title='bbox 103 4311 204 4366; x_wconf 87' lang='lat' dir='ltr'><strong>odium</strong></span> <span class='ocrx_word' id='word_1_332' title='bbox 222 4310 252 4365; x_wconf 90' lang='lat' dir='ltr'><em>D</em></span> <span class='ocrx_word' id='word_1_333' title='bbox 269 4311 311 4366; x_wconf 75' lang='lat' dir='ltr'><strong>tir</strong></span> <span class='ocrx_word' id='word_1_334' title='bbox 363 4311 397 4365; x_wconf 81' lang='grc'><strong>24</strong></span> <span class='ocrx_word' id='word_1_335' title='bbox 416 4309 448 4363; x_wconf 87' lang='lat' dir='ltr'><strong>tit</strong></span> <span class='ocrx_word' id='word_1_336' title='bbox 466 4309 495 4364; x_wconf 93' lang='lat' dir='ltr'><em>D</em></span> <span class='ocrx_word' id='word_1_337' title='bbox 547 4307 728 4364; x_wconf 80' lang='lat' dir='ltr'><strong>251inentem</strong></span> <span class='ocrx_word' id='word_1_338' title='bbox 747 4309 828 4380; x_wconf 75' lang='lat' dir='ltr'><strong>Aup,</strong></span> <span class='ocrx_word' id='word_1_339' title='bbox 846 4307 947 4362; x_wconf 67' lang='lat' dir='ltr'><strong>libente</strong></span> <span class='ocrx_word' id='word_1_340' title='bbox 964 4309 994 4364; x_wconf 91' lang='lat' dir='ltr'><em>D</em></span> <span class='ocrx_word' id='word_1_341' title='bbox 1054 4309 1088 4363; x_wconf 89' lang='grc'><strong>26</strong></span> <span class='ocrx_word' id='word_1_342' title='bbox 1106 4305 1202 4363; x_wconf 82' lang='lat' dir='ltr'><strong>tollae</strong></span> 
     </span>
     <span class='ocr_line' id='line_1_36' title="bbox 54 4393 996 4470; baseline 0 -16"><span class='ocrx_word' id='word_1_343' title='bbox 54 4407 80 4454; x_wconf 78' lang='lat' dir='ltr'><strong>te</strong></span> <span class='ocrx_word' id='word_1_344' title='bbox 98 4397 214 4470; x_wconf 68' lang='lat' dir='ltr'><strong>scripsi,</strong></span> <span class='ocrx_word' id='word_1_345' title='bbox 232 4395 319 4452; x_wconf 84' lang='lat' dir='ltr'><strong>tollite</strong></span> <span class='ocrx_word' id='word_1_346' title='bbox 338 4397 368 4454; x_wconf 94' lang='lat' dir='ltr'><em>D</em></span> <span class='ocrx_word' id='word_1_347' title='bbox 437 4397 507 4452; x_wconf 81' lang='lat' dir='ltr'><strong>reete</strong></span> <span class='ocrx_word' id='word_1_348' title='bbox 526 4397 608 4468; x_wconf 79' lang='lat' dir='ltr'><strong>Aop,</strong></span> <span class='ocrx_word' id='word_1_349' title='bbox 626 4399 720 4452; x_wconf 87' lang='lat' dir='ltr'><strong>necte</strong></span> <span class='ocrx_word' id='word_1_350' title='bbox 738 4395 768 4454; x_wconf 91' lang='lat' dir='ltr'><em>D</em></span> <span class='ocrx_word' id='word_1_351' title='bbox 842 4397 876 4455; x_wconf 82' lang='grc'><strong>27</strong></span> <span class='ocrx_word' id='word_1_352' title='bbox 895 4393 996 4454; x_wconf 85' lang='lat' dir='ltr'><strong>dnoD</strong></span> 
     </span>
    </p>
   </div>
   <div class='ocr_carea' id='block_1_6' title="bbox 0 0 1466 4924">
    <p class='ocr_par' dir='ltr' id='par_1_6' title="bbox 0 0 1466 4924">
     <span class='ocr_line' id='line_1_37' title="bbox 0 0 1466 4924; baseline 0 7"><span class='ocrx_word' id='word_1_353' title='bbox 0 0 1466 4924; x_wconf 95' lang='lat' dir='ltr'><strong> </strong></span> 
     </span>
    </p>
   </div>
  </div>
 </body>
</html>
