2920 4930
247 401 289 466 60
708 403 730 457 Ι.
749 403 793 456 De
810 403 917 472 grstia

245 579 462 644 accedentibus
484 579 619 643 mitescit
638 579 779 664 flagellis,
802 579 1017 644 recedentibus
1041 581 1208 646 insolescit.
1248 599 1381 666 agnosce

244 684 399 749 rationem
426 683 639 749 obdurationis
667 688 699 749 et
722 685 786 749 uim
809 687 950 769 propriae
977 686 1156 750 uoluntatis.
1201 685 1382 752 Hebraeum

243 790 404 872 populum,
427 807 520 870 quem
544 789 647 873 egredi
666 808 722 872 pro
745 790 882 873 inposita
904 789 965 854 sibi
987 791 1170 854 contritione
1191 809 1274 855 nunc
1292 808 1381 874 prse-

244 896 320 978 cipit
340 899 372 960 et
389 914 445 979 pro
460 897 623 980 plagarum
645 897 857 961 moderatione
877 915 959 960 nunc
975 895 1129 979 prohibet,
1153 896 1191 960 sd
1208 900 1379 960 extremum

206 1027 219 1064 s
243 999 496 1064 incumbentibus
516 1001 618 1084 plagis
639 1002 733 1065 etiam
752 1000 883 1066 festinus
905 1001 990 1065 abire
1005 1005 1153 1084 perurget
1172 1004 1203 1064 et
1223 1001 1378 1085 conpellit.

244 1125 305 1170 uon
330 1123 402 1188 ergo
426 1105 587 1169 induratur
606 1107 638 1170 in
661 1106 762 1169 multa
785 1106 832 1170 dei
851 1106 1000 1189 potentin,
1024 1106 1078 1169 sed
1100 1109 1294 1188 contemptor
1315 1105 1381 1169 effi-

244 1211 324 1273 citur
339 1210 371 1273 in
392 1210 493 1273 multa
512 1210 561 1273 dei
581 1211 741 1293 patientia.
781 1209 914 1292 denique
934 1211 1014 1274 inter
1030 1211 1166 1274 alternas
1183 1210 1267 1274 uices
1288 1211 1380 1274 casti-

243 1313 378 1397 gationis
399 1317 430 1377 et
448 1314 639 1378 remissionis
655 1313 830 1397 flagellatus
849 1315 1040 1394 humiliatur,
1061 1314 1222 1378 exauditus
1236 1315 1379 1398 erigitur,

243 1417 392 1482 liberatus
422 1418 562 1498 insultat,
594 1417 728 1482 afflictus
759 1417 955 1502 obtemperet
984 1423 1016 1483 et
1048 1418 1127 1483 tilios
1159 1419 1273 1498 lsrael,
1304 1437 1379 1501 quos

194 1549 217 1586 ιο
244 1525 314 1606 post
341 1522 494 1586 decimam
521 1524 646 1606 plagam
675 1523 816 1587 emisisse
844 1524 1053 1607 cognoscitur,
1084 1523 1122 1588 ad
1146 1523 1280 1607 primam
1309 1543 1379 1587 eum

244 1627 385 1690 emittere
411 1627 551 1710 potuisse
578 1627 725 1691 uoluntas
753 1631 911 1710 postrema
941 1632 1082 1692 testatur.
1137 1631 1169 1692 et
1198 1646 1271 1692 eum
1301 1630 1380 1692 inter

243 1731 361 1794 medias
396 1731 605 1815 correptiones
640 1731 835 1815 profiteatur:
874 1733 996 1796 iustus
1030 1751 1081 1812 es,
1116 1732 1276 1812 domine,
1316 1749 1379 1816 ego

242 1833 329 1900 uero
353 1839 389 1899 et
411 1837 571 1919 populus
596 1855 698 1900 meus
726 1837 846 1919 impii,
874 1855 936 1900 non
960 1855 993 1900 se
1015 1855 1034 1900 a
1056 1835 1123 1916 deo,
1151 1836 1205 1900 ssd
1228 1854 1248 1900 a
1268 1837 1380 1901 uolun-

242 1943 305 2004 tate
329 1940 454 2024 propria
476 1941 682 2023 deprauatum
705 1941 912 2004 conscientiae
940 1959 1014 2006 suae
1041 1941 1130 2004 testis
1158 1939 1303 2004 ostendit.
1351 1945 1380 2003 et

191 2071 216 2112 rs
242 2048 276 2109 tu
300 2045 392 2108 deum
412 2045 495 2108 circs
509 2045 705 2110 Pharaonem
726 2045 838 2136 durum
858 2045 909 2110 uel
928 2045 1070 2127 iniquum
1088 2045 1186 2109 fuisse
1205 2045 1378 2127 praesumis

242 2168 394 2230 asserere,
421 2167 514 2231 quem
541 2150 623 2213 ciros
650 2168 682 2214 se
711 2150 828 2213 iustum
856 2153 887 2213 et
913 2150 999 2232 pium
1026 2149 1093 2232 ipse
1120 2148 1290 2232 sacrilegus
1318 2167 1378 2214 non

240 2254 342 2336 potuit
364 2253 542 2338 abnegare?

283 2357 433 2422 Inmitem
468 2358 560 2422 deum
591 2358 785 2424 Christianus
818 2377 887 2423 esse
917 2359 1131 2440 conqueritur,
1165 2376 1259 2440 quem
1292 2358 1379 2441 pium

241 2463 336 2528 etiam
366 2464 481 2546 impius
512 2463 696 2528 confitetur?
745 2463 803 2528 hoc
835 2481 908 2547 ergo
940 2463 1005 2547 agit
1036 2464 1067 2527 iu
1099 2462 1279 2528 hominibus
1311 2481 1380 2527 cao-

187 2581 213 2634 so
240 2566 328 2630 lestis
352 2567 806 2650 misericordiaedispensatio,
835 2568 916 2650 quod
943 2569 974 2632 iu
1001 2568 1092 2632 terris
1119 2568 1243 2651 pluuiae
1272 2585 1379 2652 super·

240 2671 397 2735 uenientis
424 2671 548 2736 inlusio.
586 2673 624 2736 ad
652 2673 768 2756 copiosi
795 2671 905 2736 imbris
933 2671 1091 2756 inlapsum
1118 2672 1220 2736 cultus
1249 2675 1280 2736 et
1308 2671 1379 2736 edo·

240 2775 335 2840 mitus
359 2794 466 2857 cespes
490 2775 714 2859 multiplicatur
741 2777 919 2859 germinum
942 2775 1076 2857 fetibus,
1103 2795 1213 2840 uerum
1241 2776 1377 2840 incultus

240 2885 271 2944 et
297 2881 410 2944 crudus
438 2881 600 2944 inutilibus
624 2879 729 2945 herbis
757 2881 895 2962 repletur
918 2885 950 2944 et
977 2880 1133 2960 sentibus,
1161 2897 1197 2944 ac
1224 2881 1269 2944 sic
1297 2899 1378 2945 unus

238 2985 383 3066 idemque
410 2984 511 3048 imber
534 2985 610 3048 duas
638 3003 687 3048 res
715 2985 853 3048 diuersas
881 2989 974 3067 atque
1001 2985 1172 3050 contrarias
1200 2985 1286 3048 iuxta
1313 2987 1377 3049 cul-

187 3115 212 3155 ss
239 3093 327 3153 turae
351 3092 404 3152 aut
427 3089 566 3152 studium
590 3092 735 3172 operatur
758 3093 812 3153 aut
834 3090 962 3169 uitium,
994 3089 1075 3152 sicut
1100 3089 1249 3172 legimus:
1277 3091 1378 3153 terra

239 3195 336 3257 enim
359 3211 468 3275 saepe
491 3194 707 3258 uenientem
730 3213 841 3276 super
865 3213 902 3258 se
924 3193 1057 3258 bibens
1079 3193 1235 3258 imbrem
1263 3195 1299 3257 et
1321 3213 1378 3276 ge-

239 3316 374 3362 nerans
396 3297 549 3362 herbam
573 3301 794 3380 oportunam
818 3299 912 3378 illis,
940 3295 1115 3380 aquibus
1138 3297 1295 3376 colitur,
1324 3315 1377 3360 ao-

239 3403 332 3486 oipit
361 3402 662 3466 benedictionem
692 3420 710 3466 a
740 3403 814 3466 deo.
864 3403 1059 3486 proferens
1094 3405 1215 3466 autem
1250 3402 1376 3484 spinas

239 3525 280 3572 ac
308 3505 470 3571 tribulos
493 3506 653 3590 reproba
680 3510 736 3570 est
763 3511 800 3570 et
827 3507 1040 3571 maledictio
1062 3505 1244 3589 proxima,
1272 3506 1376 3570 cuius

343 3661 387 3730 12]
406 3660 487 3714 uxor.
501 3664 525 3726 e,
538 3664 579 3716 nc.
634 3661 680 3730 25]
699 3661 780 3716 neor.
795 3665 818 3726 o,
832 3664 855 3716 r.

282 3813 294 3866 1
315 3808 432 3862 mitescit
448 3810 557 3878 scripsi,
575 3807 648 3862 mitis
666 3813 693 3862 et
711 3809 746 3878 P,
764 3807 915 3864 mitioribus
934 3813 993 3865 sto
1058 3807 1208 3863 recentibus
1225 3827 1242 3864 o
1307 3809 1375 3864 inso-

235 3897 308 3952 liscit
326 3897 354 3952 P
404 3895 565 3951 2hebreum
586 3897 613 3950 P
664 3896 769 3951 5abire
787 3899 913 3965 perurget
931 3901 958 3950 et
976 3895 1103 3965 conpellit
1120 3897 1228 3966 scripsi,
1251 3901 1376 3964 perurget

236 3988 264 4038 et
282 3983 355 4038 abire
372 3987 498 4053 perurget
516 3981 643 4052 conpellit
656 3983 688 4052 P,
707 3987 832 4052 perurget
844 3987 871 4036 et
883 3983 955 4037 abire
967 3982 1093 4052 conpellit
1105 4001 1121 4038 o
1174 3985 1189 4037 7
1209 3982 1339 4051 deniquae
1350 3983 1377 4036 P

237 4069 433 4126 ttlsraeliticos
445 4071 545 4126 omisso
558 4085 658 4138 queso
711 4073 743 4126 10
756 4070 828 4139 eum]
842 4087 931 4126 curuo
986 4073 1017 4126 15
1030 4069 1206 4124 taraonernP
1252 4069 1374 4126 18011τί-

238 4183 351 4252 stianus]
380 4181 518 4237 Christum
546 4201 562 4237 o
631 4183 816 4250 conquaeritur
839 4185 872 4251 P,
900 4183 1070 4251 consequitur
1093 4201 1108 4238 o
1179 4184 1211 4238 19
1234 4149 1274 4236 iit
1296 4183 1325 4236 P
1348 4183 1377 4250 (g

236 4287 371 4338 suprascr.
393 4287 463 4324 inan.
481 4269 541 4336 att.)
612 4271 643 4324 21
668 4269 769 4337 cupiosi
792 4271 819 4324 P
887 4273 921 4325 22
939 4269 1024 4338 cespis
1044 4271 1071 4324 P
1139 4273 1172 4324 24
1191 4268 1330 4337 idemquse
1349 4269 1377 4322 P

237 4359 331 4423 atquae
350 4356 377 4408 P
428 4357 461 4410 26
479 4371 540 4424 sepe
558 4355 586 4410 P
635 4357 669 4412 29
687 4353 830 4410 maledicto
849 4357 877 4410 P
