2954 4930
277 390 340 458 320
712 393 777 452 IIII,
797 393 906 452 Sermo
924 398 966 454 24.

275 569 335 652 ipsi
358 569 473 636 debeas
489 571 660 656 indulgere,
682 571 765 659 (sed)
787 572 813 638 si
829 575 897 656 quis
913 575 945 639 in
961 579 993 640 tc
1007 573 1195 658 peccauerit,
1218 574 1278 660 ipsi
1297 573 1391 642 debeas

275 678 400 742 ueniam
423 677 504 742 dare.
544 679 626 759 quod
648 679 736 760 peius
760 683 817 760 est,
841 680 1037 762 aliquotiens,
1061 681 1168 763 quiin
1192 681 1280 746 nobis
1302 700 1392 765 pecca·

274 783 365 863 uerit,
397 786 452 847 ant
473 783 561 848 tarde
584 787 640 848 aut
662 783 787 848 difficile
810 785 936 850 ueniam
960 785 1081 867 damus,
1113 786 1166 868 qui
1194 786 1227 850 in
1254 786 1311 850 deo
1331 787 1391 850 deli·

274 887 385 968 querit,
408 887 549 951 celeriter
571 887 779 972 indulgemus.
818 889 873 953 sed
901 889 927 953 si
950 891 1095 954 uolumus
1117 891 1198 954 iuste
1226 908 1325 975 agere,
1348 890 1389 968 illi,

234 1017 246 1055 e
273 991 325 1071 qni
348 990 381 1054 in
404 991 461 1054 deo
484 993 668 1074 peccauerit,
697 993 765 1056 sine
788 993 988 1058 seuerissima
1016 994 1205 1058 districtione
1228 1011 1289 1058 non
1314 994 1389 1058 debe

273 1113 343 1159 mus
365 1096 490 1177 penitus
513 1096 684 1180 indulgere,
708 1115 758 1178 ne,
787 1097 862 1161 durn
889 1098 936 1161 illi
957 1117 1012 1180 per
1035 1098 1236 1162 indiscretam
1258 1099 1387 1181 pietaten

271 1200 450 1280 remittitur,
474 1201 651 1284 exemplum
674 1201 856 1284 perditionis
880 1202 949 1266 aliis
973 1201 1166 1284 praebeatur.
1207 1203 1239 1266 in
1262 1221 1316 1266 suo
1330 1218 1388 1284 ergo

271 1321 304 1366 se
328 1305 540 1387 unusquisque
563 1306 709 1370 ostendat
731 1307 929 1386 clementem,
953 1308 1026 1388 quia
1048 1307 1193 1371 dominns
1217 1307 1274 1371 ait:
1301 1308 1329 1370 si
1346 1305 1388 1368 di-

270 1407 451 1472 miseritis
485 1409 701 1475 hominibus
735 1414 891 1492 peccata
925 1429 1066 1490 eorum,
1100 1411 1266 1475 dimittet
1298 1409 1387 1473 uobis

220 1537 244 1576 re
269 1515 375 1592 pater
398 1517 523 1578 nester
545 1515 724 1579 caelestis
747 1518 900 1598 peccata
923 1519 1059 1580 nestra.

312 1615 440 1696 Quando
463 1637 538 1682 nero
560 1619 593 1682 in
615 1619 708 1683 deum
732 1619 845 1702 aliquis
865 1623 1028 1702 peecatum
1043 1620 1217 1702 praesumit
1231 1619 1385 1695 admittere,
1449 1647 1450 1672 1

268 1720 492 1787 districtionem
520 1722 614 1787 debet
640 1724 893 1788 monasterialem
920 1725 1082 1788 sustinere.
1122 1727 1154 1787 et
1181 1723 1239 1788 hoc
1264 1723 1336 1786 bono
1361 1725 1385 1783 el

266 1825 318 1906 pio
349 1827 454 1891 animo
484 1826 578 1891 debet
608 1826 686 1910 fieri,
716 1832 751 1892 ut
780 1828 913 1910 spiritali
938 1828 1143 1911 castigatione
1166 1828 1211 1892 ita
1233 1827 1386 1909 conigatnr

266 1931 298 1992 in
321 1931 379 1995 hoc
402 1933 536 2012 saeculo,
559 1935 680 1997 utnon
703 1936 811 2015 pereat
833 1933 864 1996 in
887 1933 1002 2013 intnro,
1025 1933 1098 2014 quia
1118 1950 1210 1996 omne
1229 1935 1384 2014 peccatum,

217 2059 239 2098 ιι
268 2035 350 2116 qnod
373 2036 405 2099 in
429 2037 488 2100 hoc
511 2037 627 2101 mundo
650 2055 712 2102 non
735 2037 908 2120 corrigitur,
931 2037 963 2100 in
986 2037 1090 2100 brturo
1106 2037 1231 2101 saeculo
1245 2035 1382 2120 punietur.

265 2139 310 2203 sic
333 2141 417 2204 enim
440 2140 478 2204 de
501 2140 574 2222 filio,
602 2141 640 2204 de
663 2159 752 2206 seruo
776 2141 883 2206 diuina
904 2141 1059 2224 scriptura
1081 2129 1313 2206 commemorat:
1338 2143 1382 2215 tn,

264 2244 375 2325 inquit,
406 2245 514 2328 uirga
544 2264 624 2309 eum
652 2246 777 2310 caedis
805 2249 840 2310 et
867 2246 1029 2310 animam
1051 2245 1157 2309 illius
1186 2245 1228 2308 de
1254 2245 1383 2308 inferno
1449 2293 1450 2332 ,

264 2347 454 2413 liberabis.
494 2353 525 2413 et
547 2350 627 2430 ideo,
651 2351 732 2414 sicut
754 2367 848 2432 supra
871 2351 1023 2434 suggessi,
1047 2369 1108 2415 non
1132 2350 1235 2413 solum
1256 2346 1382 2430 capitalia
1449 2409 1450 2416 ,

264 2453 394 2516 crimina
416 2472 593 2534 caueamus,
617 2455 672 2518 sed
695 2455 791 2519 etiarn
814 2473 927 2538 paruas
951 2454 1166 2538 neglegentias
1186 2453 1293 2518 cotidie
1306 2449 1381 2533 qnasi

210 2582 236 2622 ro
263 2575 385 2622 uenena
407 2557 520 2622 diaboli
544 2577 739 2641 respuemus.
778 2563 853 2624 sunt
875 2561 960 2623 enim
983 2559 1135 2640 nonnulli,
1159 2559 1213 2640 qni
1235 2561 1302 2641 post
1320 2553 1380 2618 reli·

261 2661 361 2744 gionis
391 2663 629 2744 professionem,
659 2664 732 2746 quia
762 2665 907 2728 uidentur
937 2663 1036 2727 exisse
1067 2663 1105 2726 de
1136 2663 1268 2742 saeculo,
1296 2657 1379 2723 nimia

261 2767 426 2831 securitate
450 2768 625 2848 soluuntur,
649 2771 681 2832 et
702 2768 851 2850 impletur
874 2767 906 2832 in
929 2768 990 2832 illis
1014 2767 1169 2832 sententia
1187 2766 1308 2844 domini,
1327 2777 1379 2843 qne

260 2871 386 2935 dieitur:
408 2871 550 2936 utinam
571 2872 732 2956 frigidus
754 2891 857 2936 esses
878 2875 941 2936 aut
960 2871 1116 2937 calidus.
1147 2889 1243 2936 nunc
1262 2871 1376 2941 autem,

259 2975 343 3056 quia
365 2976 515 3059 tepidus
537 2995 589 3057 es,
612 2977 789 3060 incipiam
809 2981 844 3041 te
866 2993 1037 3040 enomere
1057 2995 1098 3040 ex
1117 2993 1178 3040 ore
1199 2993 1284 3039 meo.
1314 2966 1376 3052 quid

207 3103 233 3142 ει
260 3082 318 3159 est,
347 3079 427 3161 quod
450 3079 537 3144 dixit:
565 3081 686 3144 utinam
710 3081 829 3146 calidus
858 3098 942 3144 esses
970 3083 1022 3144 eut
1050 3079 1203 3164 frigidus?
1239 3079 1294 3143 hoo
1319 3073 1375 3137 uult
1449 3085 1450 3148 ξ

259 3183 375 3247 dicere:
407 3185 519 3248 melius
547 3183 605 3249 tibi
632 3185 744 3266 iuerat,
772 3189 807 3250 ut
828 3185 861 3250 in
884 3185 1008 3249 saeculo
1031 3185 1237 3248 remansisses
1263 3178 1374 3264 frigidus
1449 3165 1450 3184 ¹

258 3289 369 3352 autin
397 3289 585 3354 monasterio
612 3289 726 3354 fuisses
753 3289 903 3370 feruidus,
934 3305 1018 3353 nuno
1044 3285 1161 3369 antem,
1191 3287 1263 3371 qnia
1291 3287 1319 3348 et
1343 3280 1373 3342 du
1449 3303 1450 3310 ¹

257 3393 380 3458 saeculo
413 3393 572 3458 recessisti
605 3398 637 3458 et
676 3394 849 3477 spiritalem
884 3394 1039 3458 feruorem
1073 3413 1128 3477 per
1162 3387 1372 3478 neglegentiam
1449 3423 1450 3426 =

258 3499 346 3561 tuam
377 3497 609 3581 apprehendere
637 3499 773 3580 noluisti,
805 3499 927 3581 tepidus
955 3497 1084 3563 effectus
1113 3517 1157 3579 es,
1189 3515 1225 3562 er
1255 3513 1302 3560 oro
1328 3489 1372 3552 dc
1449 3505 1450 3520 ¹

205 3625 231 3665 eo
259 3601 335 3665 mini
358 3601 409 3666 uix
432 3601 546 3667 iterum
569 3603 773 3685 recipiendus
789 3603 952 3668 enomeris.

357 3809 386 3880 a]
404 3808 501 3864 naun.
514 3811 539 3874 e,
553 3811 593 3866 ιι.
649 3809 693 3878 ιι]
711 3809 790 3864 mou.
804 3811 846 3874 ae,
861 3811 900 3865 ιι.
953 3808 1000 3878 aa]
1018 3807 1100 3878 npoe.
1113 3811 1138 3874 a,
1153 3813 1192 3866 15.

298 3999 602 4070 lindulgere-debeas
614 4019 665 4058 ora.
682 4000 720 4057 On
771 3999 818 4054 sed
835 3999 943 4068 addidi,
955 4017 1006 4055 om.
1020 4001 1085 4056 libri
1137 3999 1270 4068 opelius
1280 4011 1325 4052 ou.
1339 3987 1370 4044 00

253 4087 423 4157 Sostondat]
447 4104 502 4142 esse
524 4089 587 4143 add.
605 4089 632 4142 A
704 4085 886 4156 laboriosa]
909 4085 1069 4142 bonumOo
1140 4089 1173 4142 19
1197 4071 1368 4154 neglegentis]

253 4189 318 4242 quas
335 4176 435 4230 odd.o
495 4177 529 4230 20
547 4174 708 4243 respiramus
730 4173 768 4229 On
827 4175 860 4229 21
880 4188 932 4241 qua
953 4173 991 4228 Oc
1047 4174 1082 4228 22
1099 4172 1137 4225 ein
1157 4173 1203 4236 On,
1222 4170 1266 4226 illa
1280 4161 1369 4224 add.A
1449 4183 1450 4202 ι

252 4261 286 4315 23
304 4261 406 4314 calidus
424 4277 494 4315 esses
512 4263 560 4315 ant
577 4259 692 4329 frigidus
710 4262 737 4315 A
807 4262 841 4316 24
859 4275 966 4314 uomere
986 4260 1025 4315 Oc
1087 4261 1122 4315 25
1140 4275 1211 4313 essee
1228 4255 1321 4311 calidus
1340 4247 1370 4301 (b

251 4345 301 4398 boc
319 4347 533 4401 uult—icruidus
551 4365 601 4404 om.
619 4347 657 4402 On
708 4349 742 4402 27
761 4346 858 4400 luisses
876 4365 926 4403 om.
940 4347 967 4400 B
1019 4348 1053 4402 28
1072 4345 1110 4414 et]
1129 4348 1219 4400 tamen
1237 4339 1330 4398 cedd
