2924 4924
237 413 300 478 266
677 414 741 470 1111.
762 415 870 470 Sermo
891 419 930 472 ll.

237 610 301 672 sus,
324 591 472 676 uepribus
488 595 664 674 coronatae,
688 591 807 658 adfixus
823 593 916 674 cruci,
939 594 1098 677 perfossus
1122 593 1311 674 uoluerant
1328 595 1352 654 tn

237 697 400 780 eripereris
424 714 443 760 a
468 699 578 778 morte,
602 697 741 762 animam
764 715 869 762 meam
891 699 973 762 iuter
1000 701 1156 763 tormenta
1178 697 1286 762 dimisi.
1325 714 1352 758 en

237 801 397 866 clauorum
419 801 563 886 uestigia,
587 801 700 884 quibus
723 801 841 866 adfixus
864 802 1006 885 pependi,
1030 821 1068 866 en
1090 802 1282 885 praefessum
1301 800 1353 864 nul·

238 905 364 970 neribus
394 905 486 970 latus.
539 907 661 989 suscepi
691 906 811 971 dolores
841 909 926 988 tuos,
957 910 993 972 ut
1023 904 1079 972 tibi
1110 907 1241 990 gloriam
1270 923 1353 969 mean

125 1027 128 1034 ⁴
185 1037 198 1077 s
237 1011 354 1074 darem.
407 1011 529 1093 suscepi
560 1013 696 1075 mortem
726 1015 828 1092 tuam,
858 1015 894 1075 ut
924 1014 958 1075 tu
989 1011 1111 1076 uiueres
1140 1011 1173 1074 iu
1204 1013 1354 1075 aeternnm.

237 1113 379 1179 conditus
402 1113 483 1178 iacui
505 1114 538 1178 in
560 1114 712 1197 sepulcro,
735 1117 771 1178 ut
793 1119 827 1179 ιιι
849 1133 997 1199 regnares
1020 1115 1051 1179 in
1067 1114 1162 1178 caelo.
1208 1132 1271 1196 cur,
1291 1111 1356 1196 quod

236 1234 293 1303 pro
327 1222 358 1282 te
392 1219 520 1302 pertuli,
553 1218 737 1301 perdidisti?
782 1237 847 1300 cur,
881 1219 1014 1303 ingrate,
1047 1218 1270 1302 redemptionis
1300 1221 1357 1282 tuae

237 1341 369 1387 munera
390 1323 563 1387 rennuisti?
598 1341 661 1387 nou
684 1340 741 1407 ego
764 1324 801 1388 de
825 1327 924 1389 morte
946 1342 1017 1388 mea
1032 1341 1151 1406 queror.
1189 1323 1281 1388 redde
1296 1321 1358 1386 milri

238 1427 337 1492 uitam
364 1431 463 1508 tuam,
493 1445 548 1511 pro
571 1447 633 1510 qua
655 1427 792 1492 animam
820 1429 900 1510 dedi,
928 1429 1022 1493 redde
1049 1429 1125 1493 milri
1152 1429 1251 1493 uitam
1278 1432 1358 1504 tuam,

188 1559 213 1598 rc
239 1549 333 1615 quam
356 1531 538 1596 uulneribus
560 1537 759 1616 peccatorum
786 1532 998 1598 indesinenter
1020 1533 1167 1598 addidisti.
1213 1551 1267 1597 cur
1287 1530 1359 1595 habi·

238 1637 387 1718 taculum,
414 1637 496 1720 quod
523 1637 601 1701 mihi
628 1637 660 1700 in
688 1641 719 1700 te
743 1655 950 1718 sacraueram,
978 1638 1117 1702 luxuriae
1140 1637 1282 1702 sordibus
1305 1635 1359 1718 pol·

237 1741 332 1821 luisti,
360 1759 415 1805 cur
438 1759 549 1823 corpus
575 1741 639 1805 iam
663 1759 769 1805 meum
796 1741 1024 1806 inlecebrarum
1051 1743 1244 1826 turpitudine
1271 1757 1361 1805 macu-

238 1845 322 1926 lasti,
356 1863 410 1910 cur
444 1865 494 1910 me
527 1845 670 1928 grauiore
701 1846 867 1910 criminum
901 1850 1026 1910 tuorum
1061 1864 1152 1910 cruce
1186 1863 1279 1928 qnam
1309 1843 1361 1922 illa,

238 1952 268 2016 in
297 1969 360 2033 qua
385 1951 542 2034 quondam
569 1951 789 2034 pependeram,
817 1949 983 2016 addixisti?
1032 1951 1157 2034 grauior
1185 1951 1267 2014 anim
1293 1946 1363 2031 apud
1446 2023 1447 2034 ἵ

187 2083 211 2123 a
237 2075 289 2120 me
311 2059 508 2140 peecatorum
531 2059 658 2120 tuorum
673 2073 746 2120 crux
763 2059 820 2137 est,
843 2057 875 2120 iu
891 2074 953 2138 qua
975 2056 1093 2120 inuitus
1117 2056 1260 2140 pependi,
1282 2071 1364 2136 quam

238 2161 302 2241 illa,
326 2178 420 2243 quam
442 2161 551 2224 nolens
575 2161 620 2224 tui
643 2161 789 2224 misertus
813 2163 946 2225 mortem
962 2163 1050 2225 tuam
1066 2161 1225 2225 occisurus
1241 2158 1363 2224 ascendi.

238 2283 310 2328 cum
334 2283 436 2329 essem
459 2265 642 2345 inmortalis,
670 2265 901 2330 commutabilis
923 2283 979 2348 pro
1003 2268 1033 2328 te
1055 2264 1148 2329 homo
1172 2265 1273 2329 lactus
1294 2280 1363 2328 snm.

239 2388 310 2433 cum
341 2389 443 2433 essem
473 2368 678 2452 inpassibilis,
709 2387 764 2452 pro
795 2373 826 2434 te
856 2369 922 2452 pati
956 2369 1102 2454 dignatus
1133 2388 1215 2434 sum.
1259 2369 1310 2432 sed
1336 2371 1364 2429 tu

240 2473 406 2555 despexisti
435 2474 466 2537 in
493 2473 618 2537 homine
648 2473 752 2554 deum,
784 2474 816 2538 in
846 2471 969 2539 infirmo
1000 2473 1145 2554 salutem,
1181 2474 1214 2538 iu
1245 2473 1295 2536 uia
1323 2489 1365 2534 re·

187 2603 214 2644 so
240 2578 349 2658 ditum,
380 2579 413 2642 in
442 2577 544 2641 iudice
573 2577 710 2658 ueniam,
740 2577 772 2641 iu
803 2595 893 2642 eruce
922 2577 1033 2659 uitam,
1062 2577 1096 2641 in
1124 2577 1283 2661 suppliciis
1308 2593 1365 2639 me-

240 2681 387 2748 diuinam.

282 2786 326 2852 Ut
352 2805 426 2872 ergo
453 2788 547 2852 istam
578 2785 748 2851 terribilem
779 2787 1023 2870 increpationem
1052 2787 1209 2870 possimus
1237 2784 1364 2856 euadere,

239 2892 382 2975 quotiens
405 2893 495 2957 uobis
518 2891 756 2974 qualiacumque
783 2894 912 2974 peccata
934 2890 1157 2978 subrepserint,
1186 2891 1252 2954 sine
1274 2887 1363 2968 abqua

239 2997 488 3062 dissimulatione
524 2996 708 3060 festinemus
738 2995 775 3059 ad
807 2997 1017 3078 paenitentiae
1050 2995 1278 3060 medicamenta
1302 3007 1363 3054 con·

188 3125 215 3167 ss
240 3101 358 3184 lugere,
381 3105 416 3164 ut
439 3101 478 3164 ab
502 3100 610 3165 auditu
633 3100 715 3164 malo
742 3100 864 3164 liberati
888 3100 926 3164 ad
949 3103 1110 3164 aeternam
1134 3113 1304 3163 mereamur
1323 3094 1362 3156 iu·

239 3205 436 3288 dulgentiam
462 3205 627 3286 peruenire
653 3207 834 3288 praestante
861 3204 986 3269 domino
1013 3208 1119 3268 nostro
1146 3203 1219 3268 lesu
1246 3199 1362 3272 Christo,

243 3310 293 3374 cui
323 3313 372 3374 est
401 3309 500 3375 honor
530 3312 561 3373 et
589 3309 756 3393 imperium
787 3327 859 3373 cum
887 3312 977 3393 patre
1006 3313 1037 3373 et
1064 3307 1175 3392 spiritu
1207 3309 1306 3372 sancto
1336 3299 1361 3360 iu

243 3415 368 3480 saecula
389 3415 593 3480 saeculorum.

287 3733 441 3792 lfabribus
460 3735 490 3790 D
550 3733 645 3803 pluens
662 3736 693 3790 D
745 3733 889 3804 2eriperis
907 3734 937 3788 D
988 3731 1117 3788 dadfixis
1135 3733 1166 3788 D
1217 3725 1362 3801 praeiossum

243 3823 350 3893 seipsi,
364 3820 462 3926 l{liaeus
474 3823 512 3892 D,
529 3821 678 3892 perfossum
691 3823 762 3892 Aug.
816 3820 949 3890 lauscipi
967 3821 997 3876 D
1048 3818 1146 3874 adae
1159 3818 1189 3873 D
1239 3807 1363 3881 suscipiD

244 3939 261 3992 6
279 3933 399 4005 sepulcro
417 3936 446 3990 D
516 3933 675 4006 'lpdidistis
695 3936 724 3989 D
793 3937 810 3991 8
832 3937 858 3986 te
880 3939 943 3988 cate
964 3949 1012 4001 ego
1034 3933 1129 3988 tramit
1146 3933 1217 4000 Aug.
1284 3934 1362 4008 (1111101

243 4025 351 4094 scripsi,
369 4037 450 4090 quero
468 4023 505 4091 D,
524 4037 621 4090 quaero
634 4024 704 4092 Aug.
761 4023 793 4076 10
811 4027 873 4076 ante
890 4034 971 4088 quam
989 4022 1020 4074 ia
1037 4020 1067 4074 D
1085 4037 1108 4085 ,p
1125 4035 1230 4074 meacm
1247 4019 1281 4070 cst
1325 4021 1360 4058 0⁶*

245 4109 312 4164 aidis
340 4111 411 4180 Aug.
501 4111 531 4165 11
561 4109 677 4162 luxoriae
706 4109 735 4163 D
821 4105 932 4177 puluisti
962 4107 990 4160 D
1079 4107 1111 4162 12
1135 4091 1362 4173 turpitudineml)

247 4199 279 4254 13
297 4196 346 4251 ills
364 4199 404 4252 D¹
476 4199 508 4254 15
526 4195 655 4266 pependio
674 4197 703 4250 D
774 4197 806 4250 16
824 4193 972 4248 occissurus
990 4195 1020 4248 D
1091 4194 1123 4247 17
1142 4177 1363 4245 commotabllisD

247 4287 279 4341 19
298 4283 433 4354 dispexisti
452 4285 482 4340 D
533 4285 567 4340 22
585 4299 653 4354 prce
670 4289 818 4352 sequantur
830 4283 925 4336 dmaat
936 4279 1014 4349 apud
1026 4280 1211 4350 depretiatam
1260 4275 1289 4331 el
1307 4265 1363 4324 desi·

245 4371 391 4432 mulatioue
409 4375 439 4431 D
489 4370 652 4446 poenitentia
671 4371 700 4426 D
752 4371 786 4426 27
805 4384 832 4422 es
851 4369 880 4426 D
