2920 4930
524 396 622 479 arcer
639 425 668 479 11
688 429 728 482 1o.
1153 427 1194 492 85

67 619 113 666 sua
139 602 196 666 tide
219 604 403 685 inoperante
426 603 603 686 suscipitur,
635 603 671 667 de
695 621 757 685 qua
779 603 928 686 legimus:
959 603 1037 666 fide
1065 604 1193 668 ltahab

67 708 226 771 meretrix
265 725 336 772 non
373 708 489 790 periit
527 725 608 771 curn
641 707 856 772 incredulis
907 707 989 770 unde
1024 709 1073 771 hic
1108 711 1194 772 entra

66 809 154 894 legem
181 812 276 895 positi
307 804 492 876 accusantur
522 811 683 892 inoredmi,
717 813 778 876 nisi
811 812 884 894 quia
917 813 1018 895 legem
1053 816 1192 892 naturae,

66 915 106 977 cui
130 915 205 980 lidos
227 917 337 981 iuncta
366 920 424 997 est,
455 933 580 980 seruarc
604 917 790 980 noluerunt?
835 916 917 980 unde
940 916 1072 980 obicitur
1095 917 1193 980 incre-

66 1019 175 1102 dulitas
207 1021 268 1087 nisi
299 1021 372 1103 quia
401 1022 433 1085 in
460 1024 607 1104 promptu
638 1021 698 1084 luit
727 1021 873 1085 credendi
903 1021 1057 1085 facultas?
1102 1021 1192 1086 liberi
1233 1052 1245 1091 1

65 1123 154 1206 itaque
177 1125 297 1190 arbitrii
319 1126 398 1190 ratic
421 1126 506 1206 facit,
530 1129 565 1189 ut
587 1129 802 1190 remuneretur
825 1126 953 1189 credens
977 1129 1008 1190 et
1028 1126 1194 1190 damnetur

65 1227 238 1294 incredulae.

100 1333 243 1419 Legimus
260 1335 292 1398 in
312 1335 390 1400 libro
407 1334 579 1400 Geneseos:
604 1337 765 1399 nondum
789 1335 886 1399 enim
909 1337 1082 1418 conpleta
1106 1340 1194 1400 sunt

64 1444 206 1520 peccata
227 1439 552 1504 Amorrhaeorum.
588 1441 906 1522 praedicitdominns
934 1439 1015 1504 filios
1038 1441 1137 1504 Israel
1160 1441 1193 1504 in
1219 1524 1223 1530 ι

64 1547 134 1608 terra
162 1545 299 1629 Aegypti
327 1545 538 1626 humiliandos
574 1549 666 1627 atque
699 1545 769 1608 inde
801 1545 840 1608 ad
873 1545 1046 1628 perdendas
1080 1545 1191 1630 impias
1220 1573 1245 1612 ro

64 1649 190 1714 nationes
215 1654 247 1714 11
269 1651 484 1734 percipiendas
507 1651 676 1734 promissas
701 1651 790 1714 sedes
813 1651 844 1714 in
869 1651 965 1734 signis
987 1654 1017 1714 et
1032 1651 1191 1714 miraculis

64 1752 236 1836 educendos,
260 1754 315 1818 sed
337 1755 395 1819 hcc
417 1755 503 1836 prius
524 1753 590 1819 fieri
606 1773 668 1819 non
683 1772 776 1837 posse
792 1758 936 1835 testatur,
960 1772 1055 1836 quam
1070 1757 1191 1838 gentes,

63 1874 129 1936 quas
152 1860 195 1922 cis
212 1859 383 1923 traditurus
401 1863 477 1939 erat,
501 1863 699 1942 pcccatorum
716 1859 958 1924 excrescentium
975 1859 1191 1942 magnitudine

63 1958 182 2045 tlagellis
213 1963 326 2028 debitis
358 1965 461 2028 locum
492 1963 610 2028 faciant
633 1967 664 2028 et
687 1964 808 2027 extendi
831 1965 863 2027 in
886 1983 919 2027 se
943 1981 1071 2026 manum
1095 1961 1192 2026 afflic-

62 2065 145 2130 tionis
168 2071 325 2132 extremae
348 2071 585 2132 consummatae
608 2068 783 2150 iniquitatie
808 2067 889 2132 mole
913 2067 1099 2149 conpellant.
1139 2067 1192 2131 ubi
1219 2095 1244 2135 15

62 2176 229 2253 respectatur
260 2173 478 2255 multiplicatio
508 2177 718 2255 peccatorum,
749 2174 889 2254 prauitas
918 2173 1058 2256 arguitur
1081 2173 1192 2236 uolun-
1260 2245 1261 2248 Ἴ

62 2279 161 2340 tatum,
198 2277 253 2360 qui
275 2277 386 2360 gentili
409 2276 552 2342 absoluto
576 2296 594 2341 a
616 2278 685 2360 lege
706 2277 863 2360 praecepti
879 2277 1000 2360 inponit
1015 2295 1070 2360 pro
1087 2279 1192 2359 aequi-

62 2382 115 2443 tate
138 2381 339 2461 sententiam,
362 2381 464 2465 legem
489 2386 619 2446 naturae
642 2383 746 2466 arguit
768 2383 864 2446 fuisse
888 2383 1051 2462 calcatam,
1082 2383 1191 2445 simul-

61 2501 111 2562 que
140 2485 363 2570 longanimitas
398 2487 583 2550 sustiuentis
618 2487 770 2550 iustitiam
805 2487 955 2569 probatur
989 2487 1191 2550 manifestare

61 2587 237 2655 damnantis.
277 2609 369 2654 nemo
394 2591 478 2654 onim
501 2609 622 2655 moram
646 2611 681 2654 ex
704 2592 915 2656 moderatione
943 2592 1109 2674 permitit,
1141 2592 1192 2672 qui
1220 2619 1245 2656 eo

62 2711 91 2754 er
105 2695 385 2776 praedestinatione
401 2695 512 2778 punire
528 2695 673 2778 disponit.
714 2697 889 2776 nondum,
913 2697 1023 2778 inquit,
1048 2695 1193 2778 inpleta

61 2803 140 2862 sunt
170 2803 323 2882 peccata
345 2799 669 2864 Amorrhaeorum.
709 2801 783 2864 dum
814 2802 846 2864 in
869 2800 1060 2882 plenitudine
1084 2817 1192 2882 pecca-

60 2913 154 2967 torum
176 2907 438 2968 commemoratur
461 2904 644 2987 perditionis
668 2923 773 2985 causa,
797 2904 937 2968 aufertur
960 2903 1115 2985 praefixae
1138 2923 1192 2967 ne-

60 3008 203 3072 cessitatis
226 3009 352 3072 inuidia.
392 3009 515 3072 diuinae
539 3009 680 3073 hocloco
696 3009 866 3093 patientiae
883 3027 1016 3093 agnosce
1032 3009 1190 3072 uirtutem.

60 3107 226 3177 liberandus
251 3116 282 3176 et
305 3111 513 3176 subuersurrrs
536 3113 647 3195 impias
671 3117 780 3197 gentes
803 3114 937 3196 populus
953 3113 1052 3177 Israel
1067 3114 1191 3176 interim
1219 3140 1244 3179 es

61 3213 86 3276 in
104 3217 253 3282 seruitute
273 3217 435 3298 retinetur,
459 3218 557 3281 donec
572 3218 726 3302 iniquitas
746 3219 888 3301 gentium
905 3218 1095 3300 conpleatur.
1127 3221 1193 3280 tam

59 3317 104 3382 diu
127 3321 277 3386 ultionem
302 3321 405 3386 differt
427 3323 473 3386 ira
495 3322 607 3402 iudicii,
640 3323 788 3404 quamdiu
820 3327 938 3387 crescat
972 3323 1003 3386 in
1032 3323 1193 3386 cumulum

61 3441 197 3490 nremsura
219 3427 349 3510 peccati,
374 3431 408 3490 ut
431 3431 633 3491 concurrente
657 3427 714 3490 siti
737 3427 876 3491 bonitate
901 3429 931 3491 ct
951 3427 1118 3492 seueritate
1134 3427 1192 3491 sut

60 3545 113 3592 uno
133 3530 302 3613 1111111111
322 3535 463 3614 tempore
484 3531 557 3594 hinc
581 3530 735 3596 absolutio
758 3531 823 3612 filii,
848 3532 919 3596 inde
943 3533 1084 3596 contritio
1108 3551 1193 3595 exer·-

60 3637 159 3698 reatur
183 3635 308 3700 inimici.
822 3621 824 3626 ⁸
1219 3661 1245 3700 ao

159 3825 185 3894 1]
204 3825 285 3880 Hebr.
300 3829 340 3890 11,
354 3829 396 3882 31.
451 3827 480 3896 8]
500 3825 619 3892 (11115,
634 3829 674 3882 16.

98 4011 275 4078 loperantov
328 4009 517 4078 suscepiturP
569 4009 631 4063 raab
645 4011 672 4064 P
717 4008 971 4066 :lincrcdulitatiso
1018 4013 1152 4078 5promtn
1167 4010 1195 4064 P

59 4128 263 4176 camorrcorcm
284 4123 312 4178 P
356 4121 453 4176 israhel
472 4123 499 4176 P
547 4125 579 4177 10
598 4121 699 4189 adquae
718 4123 745 4176 P
792 4127 820 4178 ll
842 4123 1013 4190 1111111111)Ι
1070 4125 1101 4178 13
1120 4089 1151 4174 ci.
1167 4123 1195 4175 P

59 4207 79 4257 (a
95 4226 226 4277 ›upraccm
245 4229 316 4265 mom.
336 4211 395 4277 111.)
468 4212 500 4264 18
518 4209 667 4276 simulquac
687 4211 714 4263 P
783 4215 816 4266 20
839 4212 972 4279 permittit
988 4211 1095 4279 scripsi,
1117 4225 1193 4278 prac-

59 4293 138 4348 mirtit
167 4296 194 4348 P
263 4299 294 4352 21
323 4297 561 4367 praedistimaticne
590 4297 617 4350 P
691 4296 782 4365 inquid
813 4299 840 4352 P
913 4301 946 4354 22
973 4313 1138 4352 amoroorum
1168 4297 1195 4352 P

58 4382 213 4438 1711111111
263 4387 298 4440 29
316 4383 477 4454 eodemquae
495 4385 524 4439 P
