2920 4930
255 398 293 460 14
714 397 735 452 l.
755 398 798 450 De
816 398 926 466 gratia

250 575 361 656 eoepit,
381 575 539 658 generatio
560 574 790 656 corruptionem
811 593 846 637 ar
862 573 1109 657 transgressione
1129 574 1278 656 concepit.
1308 574 1388 638 iuter

250 680 428 761 nuptiarum
457 697 571 742 munus
595 677 695 742 adbuc
719 679 750 742 in
773 678 917 761 paradiso
944 696 962 741 a
985 683 1123 742 creatore
1151 695 1334 742 concessum
1358 683 1388 742 et

250 799 357 844 earum
380 801 483 862 usum,
506 783 559 863 qui
580 786 666 846 extra
681 783 861 865 paradisum
884 782 947 846 iam
970 783 1104 864 sumpsit
1127 782 1294 861 exordium,
1318 800 1388 864 pec-

251 889 357 949 catum
380 887 411 950 iu
435 887 537 950 medio
565 885 632 950 fuit.
679 887 760 952 iuter
786 887 1020 970 generationem
1048 889 1079 949 et
1106 886 1385 968 concupiscentiam

210 1007 223 1045 ⁵
250 989 399 1072 quidquid
426 990 600 1073 praeceptio
624 989 731 1054 diuina
753 991 925 1070 coustituit,
952 990 1011 1054 hoc
1032 989 1135 1070 laudo,
1159 989 1307 1072 quidquid
1330 989 1388 1053 lru-

249 1111 344 1157 mana
370 1093 594 1176 praeuaricatio
622 1094 742 1174 adiecit,
770 1094 829 1159 hoo
854 1094 995 1178 reprobo.
1040 1093 1194 1176 quomodo
1222 1094 1248 1158 si
1276 1093 1387 1176 aliquis

250 1201 316 1261 atro
331 1198 565 1279 inquinamento
584 1198 750 1263 candorem
772 1199 882 1263 niueae
906 1197 1002 1262 uestis
1025 1201 1180 1281 aspergat,
1203 1215 1265 1261 nou
1281 1196 1388 1280 displi-

249 1301 447 1382 collectura,
471 1301 525 1366 sed
541 1303 673 1366 macula.
698 1303 879 1367 uestimenti
902 1320 964 1366 non
981 1301 1088 1366 amisit
1110 1320 1213 1381 usum,
1237 1301 1295 1364 etsi
1317 1321 1387 1384 per-

249 1405 326 1470 didit
360 1406 553 1489 dignitatem.
599 1407 705 1471 lutura
735 1409 801 1470 erat
835 1406 1049 1472 indubitanter
1079 1409 1168 1472 casta
1200 1409 1232 1470 et
1265 1406 1387 1470 sincera

198 1529 222 1567 ro
248 1510 417 1594 generatio,
445 1511 471 1574 si
497 1529 558 1575 non
585 1511 816 1576 intercessisset
843 1511 968 1575 inimica
994 1511 1210 1594 transgressio.
1256 1509 1311 1574 sed
1339 1509 1386 1574 in·

248 1615 421 1680 maculatos
449 1615 554 1679 thoros
581 1634 652 1680 caro
684 1615 893 1680 maledictioni
921 1615 1045 1678 addicta
1070 1614 1242 1679 maculauit
1273 1617 1305 1678 et
1332 1634 1386 1698 per

247 1718 410 1801 superbiae
427 1719 571 1802 spiritum
592 1719 764 1802 simplicem
786 1719 921 1802 corrupit
943 1719 1090 1783 affectum
1113 1721 1144 1783 et
1166 1719 1247 1783 sicut
1269 1718 1386 1782 inmor-

246 1823 377 1887 talitatis
393 1823 601 1907 priuilegium,
618 1825 663 1888 ita
678 1823 794 1888 donum
809 1823 943 1907 perdidit
958 1823 1112 1906 puritatis.
1137 1839 1198 1886 non
1215 1823 1247 1886 in
1263 1824 1385 1904 querel-

247 1929 310 1992 lam
338 1931 466 1992 uocatur
494 1928 643 2012 nuptialis
671 1930 785 2011 gratia,
819 1928 872 1992 sed
900 1927 1052 1992 obscenae
1080 1927 1232 2011 passionis
1260 1927 1383 1992 iniuria.

195 2051 219 2089 1⁵
247 2051 308 2096 non
331 2051 441 2096 aurum
464 2033 496 2096 in
519 2033 643 2116 culpam
667 2033 763 2113 uenit,
787 2033 841 2096 sed
865 2032 1013 2114 quidquid
1036 2049 1110 2096 auro
1133 2031 1244 2115 obryzo
1264 2032 1385 2096 adulte·

245 2137 349 2201 rinum
372 2137 457 2201 fraus
481 2137 653 2219 iniquitatis
673 2137 850 2217 admiscuit,
874 2137 954 2200 sicut
976 2136 1075 2219 ipsius
1095 2136 1215 2220 Pelagii
1238 2137 1384 2219 spiritum

246 2242 285 2306 ad
309 2241 437 2305 meliora
459 2241 563 2305 studia
584 2259 603 2304 a
625 2241 682 2306 deo
705 2241 864 2306 conditum
889 2241 1083 2323 corruptione
1106 2241 1254 2324 pestifera
1276 2242 1385 2322 nequi-

246 2346 306 2408 tiae
330 2349 436 2409 auctor
460 2345 577 2408 iniecit.

783 2518 841 2582 III.

191 2657 217 2696 ²⁰
244 2661 365 2703 CONTRA
388 2661 459 2720 1³00,
480 2661 564 2710 QUOD
585 2661 710 2720 nlenten,
734 2661 809 2709 Quia
830 2661 890 2710 PER
910 2661 1012 2702 8011ss
1028 2661 1168 2704 GRATlAH
1185 2661 1278 2704 ouibus
1296 2663 1383 2704 nouo

554 2749 623 2790 siun
646 2749 726 2792 ULLO
749 2749 872 2790 LABORE
896 2747 1069 2791 sabbarum.

285 2865 377 2930 Nunc
404 2867 591 2930 ueniendum
621 2869 669 2930 est
696 2867 734 2930 ad
763 2867 843 2946 illos,
871 2866 934 2947 qui,
962 2866 1035 2931 dum
1058 2866 1193 2950 gratiam
1220 2866 1290 2930 aliis
1315 2867 1382 2931 dari

243 2971 310 3034 aliis
334 2970 441 3053 negari
464 2974 617 3051 asserunt,
646 2988 760 3034 munus
783 2971 902 3053 gratiae
925 2988 997 3034 cum
1020 2969 1146 3053 Pelagio
1169 2969 1380 3052 perdiderunt.

243 3075 351 3138 dicunt
367 3092 439 3158 ergo
455 3075 494 3138 ad
511 3075 631 3138 cultum
648 3075 696 3138 dei
717 3079 811 3155 atqua
826 3074 1014 3138 famulatum
1031 3075 1124 3138 etiam
1144 3077 1216 3157 post
1231 3074 1380 3157 baptismi

190 3195 216 3234 ao
243 3180 378 3243 salutare
395 3179 511 3242 donum
527 3179 658 3243 deuotae
678 3179 837 3242 seruitutis
853 3178 1080 3242 oboedientiam
1101 3196 1163 3244 non
1179 3179 1305 3260 requiri,
1326 3180 1380 3242 sed

242 3283 340 3346 sclam
364 3302 418 3366 per
434 3302 467 3348 se
487 3283 620 3367 gratiam
640 3282 787 3347 effectum
806 3283 962 3347 humanae
979 3283 1089 3347 salutis
1105 3283 1234 3366 operari.
1265 3285 1380 3362 toturn,

241 3387 394 3468 inquiunt,
419 3387 514 3450 solius
538 3391 586 3451 est
607 3387 733 3470 gratiae.
773 3387 858 3451 istud
881 3387 993 3451 melius
1016 3405 1035 3450 a
1058 3387 1147 3452 uobis
1170 3387 1286 3470 poterit
1309 3387 1380 3467 dici,

241 3490 300 3556 hoc
331 3491 430 3575 magis
465 3493 578 3556 nostris
608 3491 751 3574 partibus
781 3491 946 3558 conueniat
976 3491 1139 3574 adplicari,
1170 3491 1223 3572 qui
1254 3508 1317 3555 non
1348 3493 1379 3556 in

240 3597 371 3678 partem,
399 3594 454 3658 sed
480 3595 511 3658 in
536 3598 637 3659 totum
664 3613 764 3678 genus
787 3595 961 3658 humanum
984 3595 1103 3677 gratiae
1125 3593 1277 3658 beneficia
1299 3595 1380 3658 fata·

188 3714 214 3754 ³⁰
240 3717 310 3763 mur
326 3698 459 3779 artaudi,
483 3699 528 3762 sic
551 3702 667 3780 tamen,
690 3703 725 3763 ut
745 3700 771 3762 ei
788 3698 969 3782 uigilantiae
987 3699 1143 3762 humanae
1163 3697 1301 3761 studium
1324 3717 1380 3782 per

285 3905 532 3976 lcorruptionisc
602 3906 726 3975 conpita
795 3905 943 3962 interimo
1012 3909 1155 3962 3ususc
1223 3905 1269 3974 qui
1291 3924 1380 3962 om

240 3997 371 4062 bquomo
389 3995 430 4048 P¹
488 3993 600 4048 'lniuae
619 3994 646 4047 P
700 3997 826 4062 aspergat
844 3995 872 4047 P
926 3991 1045 4062 displicit
1063 3993 1091 4048 P
1145 3993 1335 4049 8uestimanti
1356 4014 1379 4062 a,

240 4080 400 4134 uestimenta
413 4081 445 4148 P,
464 4099 502 4135 aa
514 4080 704 4133 uestimentum
716 4080 908 4137 scribendam?
957 4083 987 4136 ll
1001 4095 1140 4148 peronae
1188 4083 1221 4136 12
1239 4080 1379 4149 spirituas

240 4167 349 4236 corripit
367 4168 395 4222 P
446 4169 479 4221 18
497 4165 638 4237 qucrillam
657 4167 684 4220 P
737 4169 768 4222 14
787 4165 898 4220 obscene
916 4167 944 4220 P
1001 4170 1032 4222 15
1050 4165 1138 4220 obrizo
1157 4167 1184 4220 P
1243 4169 1275 4222 16
1293 4167 1378 4236 ipsius

239 4271 318 4309 omo
376 4255 410 4308 22
429 4252 491 4306 dare
510 4253 537 4306 P
593 4254 626 4308 24
645 4251 730 4321 adque
748 4255 789 4308 P¹
851 4255 885 4308 25
903 4251 1080 4308 obedientiam
1099 4253 1127 4308 P
1185 4255 1220 4308 26
1238 4269 1319 4322 opera
1338 4257 1377 4310 P¹

239 4342 271 4394 27
292 4339 362 4392 solus
382 4340 421 4393 P¹
476 4341 509 4394 28
529 4340 668 4392 conueniet
685 4341 791 4410 scripsi,
811 4339 936 4393 conuenit
953 4339 981 4393 P
