<?xml version="1.0" encoding="UTF-8"?>
<!DOCTYPE html PUBLIC "-//W3C//DTD XHTML 1.0 Transitional//EN"
    "http://www.w3.org/TR/xhtml1/DTD/xhtml1-transitional.dtd">
<html xmlns="http://www.w3.org/1999/xhtml" xml:lang="en" lang="en">
 <head>
  <title>
</title>
<meta http-equiv="Content-Type" content="text/html;charset=utf-8" />
  <meta name='ocr-system' content='tesseract 3.04.00' />
  <meta name='ocr-capabilities' content='ocr_page ocr_carea ocr_par ocr_line ocrx_word'/>
</head>
<body>
  <div class='ocr_page' id='page_1' title='image "./praetersermones00fausgoog/praetersermones00fausgoog_0377.png"; bbox 0 0 2924 4924; ppageno 0'>
   <div class='ocr_carea' id='block_1_1' title="bbox 516 423 769 479">
    <p class='ocr_par' dir='ltr' id='par_1_1' title="bbox 516 423 769 479">
     <span class='ocr_line' id='line_1_1' title="bbox 516 423 769 479; baseline 0.008 -3"><span class='ocrx_word' id='word_1_1' title='bbox 516 423 580 477; x_wconf 88' lang='lat'>1111.</span> <span class='ocrx_word' id='word_1_2' title='bbox 601 425 710 478; x_wconf 85' lang='lat' dir='ltr'><strong>Sermo</strong></span> <span class='ocrx_word' id='word_1_3' title='bbox 731 427 769 479; x_wconf 85' lang='grc'><strong>17.</strong></span> 
     </span>
    </p>
   </div>
   <div class='ocr_carea' id='block_1_2' title="bbox 593 651 692 714">
    <p class='ocr_par' dir='ltr' id='par_1_2' title="bbox 593 651 692 714">
     <span class='ocr_line' id='line_1_2' title="bbox 593 651 692 714; baseline 0 0"><span class='ocrx_word' id='word_1_4' title='bbox 593 651 692 714; x_wconf 86' lang='lat' dir='ltr'>XVII.</span> 
     </span>
    </p>
   </div>
   <div class='ocr_carea' id='block_1_3' title="bbox 76 792 1213 940">
    <p class='ocr_par' dir='ltr' id='par_1_3' title="bbox 76 792 1213 940">
     <span class='ocr_line' id='line_1_3' title="bbox 76 792 1213 854; baseline 0.003 -23"><span class='ocrx_word' id='word_1_5' title='bbox 76 792 116 832; x_wconf 84' lang='lat' dir='ltr'><strong>nu</strong></span> <span class='ocrx_word' id='word_1_6' title='bbox 137 793 293 848; x_wconf 69' lang='lat' dir='ltr'><strong>naculoyn</strong></span> <span class='ocrx_word' id='word_1_7' title='bbox 316 795 497 854; x_wconf 72' lang='lat' dir='ltr'><strong>EUANGDLH,</strong></span> <span class='ocrx_word' id='word_1_8' title='bbox 529 795 580 836; x_wconf 87' lang='lat' dir='ltr'><strong>UBI</strong></span> <span class='ocrx_word' id='word_1_9' title='bbox 611 795 679 836; x_wconf 80' lang='lat' dir='ltr'><strong>Al&#39;r:</strong></span> <span class='ocrx_word' id='word_1_10' title='bbox 710 794 841 835; x_wconf 79' lang='lat' dir='ltr'><strong>NDSCIA&#39;I&#39;</strong></span> <span class='ocrx_word' id='word_1_11' title='bbox 866 793 1006 834; x_wconf 72' lang='lat' dir='ltr'>SINISTRA</span> <span class='ocrx_word' id='word_1_12' title='bbox 1034 793 1106 852; x_wconf 76' lang='lat' dir='ltr'><strong>TUA,</strong></span> <span class='ocrx_word' id='word_1_13' title='bbox 1138 793 1213 841; x_wconf 75' lang='lat' dir='ltr'><strong>QUID</strong></span> 
     </span>
     <span class='ocr_line' id='line_1_4' title="bbox 455 898 835 940; baseline -0.003 -1"><span class='ocrx_word' id='word_1_14' title='bbox 455 898 570 940; x_wconf 66' lang='lat' dir='ltr'><strong>Factam</strong></span> <span class='ocrx_word' id='word_1_15' title='bbox 593 899 739 940; x_wconf 72' lang='lat' dir='ltr'><strong>DEXTERA</strong></span> <span class='ocrx_word' id='word_1_16' title='bbox 763 899 835 940; x_wconf 80' lang='lat' dir='ltr'>TUA.</span> 
     </span>
    </p>
   </div>
   <div class='ocr_carea' id='block_1_4' title="bbox 69 1013 1353 3082">
    <p class='ocr_par' dir='ltr' id='par_1_4' title="bbox 69 1013 1353 3082">
     <span class='ocr_line' id='line_1_5' title="bbox 114 1013 1214 1099; baseline 0 -21"><span class='ocrx_word' id='word_1_17' title='bbox 114 1013 306 1099; x_wconf 82' lang='lat' dir='ltr'><strong>lluangelioa</strong></span> <span class='ocrx_word' id='word_1_18' title='bbox 328 1016 431 1095; x_wconf 87' lang='lat' dir='ltr'><strong>lectio,</strong></span> <span class='ocrx_word' id='word_1_19' title='bbox 460 1017 573 1080; x_wconf 83' lang='lat' dir='ltr'><strong>fratres</strong></span> <span class='ocrx_word' id='word_1_20' title='bbox 601 1016 765 1095; x_wconf 81' lang='lat' dir='ltr'><strong>carissimi,</strong></span> <span class='ocrx_word' id='word_1_21' title='bbox 795 1033 873 1097; x_wconf 91' lang='lat' dir='ltr'><strong>quae</strong></span> <span class='ocrx_word' id='word_1_22' title='bbox 903 1014 992 1078; x_wconf 87' lang='lat' dir='ltr'><strong>nobis</strong></span> <span class='ocrx_word' id='word_1_23' title='bbox 1020 1015 1111 1078; x_wconf 91' lang='lat' dir='ltr'><strong>modo</strong></span> <span class='ocrx_word' id='word_1_24' title='bbox 1138 1015 1214 1078; x_wconf 89' lang='lat' dir='ltr'><strong>reci·</strong></span> 
     </span>
     <span class='ocr_line' id='line_1_6' title="bbox 74 1119 1255 1202; baseline 0.002 -20"><span class='ocrx_word' id='word_1_25' title='bbox 74 1121 135 1182; x_wconf 87' lang='lat' dir='ltr'><strong>tata</strong></span> <span class='ocrx_word' id='word_1_26' title='bbox 159 1122 217 1199; x_wconf 85' lang='lat' dir='ltr'><strong>est,</strong></span> <span class='ocrx_word' id='word_1_27' title='bbox 246 1120 368 1184; x_wconf 91' lang='lat' dir='ltr'><strong>uidetur</strong></span> <span class='ocrx_word' id='word_1_28' title='bbox 391 1119 483 1201; x_wconf 77' lang='lat' dir='ltr'><strong>mihi,</strong></span> <span class='ocrx_word' id='word_1_29' title='bbox 501 1120 582 1202; x_wconf 92' lang='lat' dir='ltr'><strong>quod</strong></span> <span class='ocrx_word' id='word_1_30' title='bbox 605 1121 778 1184; x_wconf 88' lang='lat' dir='ltr'><strong>secundum</strong></span> <span class='ocrx_word' id='word_1_31' title='bbox 801 1120 939 1184; x_wconf 73' lang='lat' dir='ltr'><strong>litteram</strong></span> <span class='ocrx_word' id='word_1_32' title='bbox 962 1137 1024 1183; x_wconf 94' lang='lat' dir='ltr'><strong>non</strong></span> <span class='ocrx_word' id='word_1_33' title='bbox 1047 1120 1146 1202; x_wconf 85' lang='lat' dir='ltr'><strong>possit</strong></span> <span class='ocrx_word' id='word_1_34' title='bbox 1167 1120 1215 1183; x_wconf 92' lang='lat' dir='ltr'><strong>in·</strong></span> <span class='ocrx_word' id='word_1_35' title='bbox 1243 1147 1255 1184; x_wconf 84' lang='lat' dir='ltr'><strong>s</strong></span> 
     </span>
     <span class='ocr_line' id='line_1_7' title="bbox 73 1223 1215 1308; baseline 0 -22"><span class='ocrx_word' id='word_1_36' title='bbox 73 1223 192 1308; x_wconf 80' lang='lat' dir='ltr'><strong>tellegi,</strong></span> <span class='ocrx_word' id='word_1_37' title='bbox 224 1228 256 1288; x_wconf 88' lang='lat' dir='ltr'><strong>et</strong></span> <span class='ocrx_word' id='word_1_38' title='bbox 285 1225 353 1288; x_wconf 92' lang='lat' dir='ltr'><strong>ideo</strong></span> <span class='ocrx_word' id='word_1_39' title='bbox 384 1225 441 1288; x_wconf 90' lang='lat' dir='ltr'><strong>deo</strong></span> <span class='ocrx_word' id='word_1_40' title='bbox 472 1225 640 1290; x_wconf 81' lang='lat' dir='ltr'><strong>auxiliante</strong></span> <span class='ocrx_word' id='word_1_41' title='bbox 671 1226 881 1306; x_wconf 90' lang='lat' dir='ltr'><strong>requiramus,</strong></span> <span class='ocrx_word' id='word_1_42' title='bbox 912 1224 1047 1305; x_wconf 79' lang='lat' dir='ltr'><strong>qualiter</strong></span> <span class='ocrx_word' id='word_1_43' title='bbox 1078 1223 1116 1287; x_wconf 94' lang='lat' dir='ltr'><strong>ad</strong></span> <span class='ocrx_word' id='word_1_44' title='bbox 1149 1223 1215 1286; x_wconf 92' lang='lat' dir='ltr'><strong>eius</strong></span> 
     </span>
     <span class='ocr_line' id='line_1_8' title="bbox 74 1328 1216 1412; baseline 0.001 -22"><span class='ocrx_word' id='word_1_45' title='bbox 74 1328 244 1410; x_wconf 87' lang='lat' dir='ltr'><strong>spiritalem</strong></span> <span class='ocrx_word' id='word_1_46' title='bbox 268 1347 396 1392; x_wconf 85' lang='lat' dir='ltr'><strong>sensum</strong></span> <span class='ocrx_word' id='word_1_47' title='bbox 419 1329 581 1412; x_wconf 87' lang='lat' dir='ltr'><strong>peruenire</strong></span> <span class='ocrx_word' id='word_1_48' title='bbox 604 1330 771 1411; x_wconf 89' lang='lat' dir='ltr'><strong>possimus.</strong></span> <span class='ocrx_word' id='word_1_49' title='bbox 814 1329 858 1392; x_wconf 87' lang='lat' dir='ltr'><strong>sic</strong></span> <span class='ocrx_word' id='word_1_50' title='bbox 882 1329 964 1392; x_wconf 90' lang='lat' dir='ltr'><strong>enim</strong></span> <span class='ocrx_word' id='word_1_51' title='bbox 992 1328 1050 1392; x_wconf 90' lang='lat' dir='ltr'><strong>ait:</strong></span> <span class='ocrx_word' id='word_1_52' title='bbox 1090 1328 1216 1392; x_wconf 88' lang='lat' dir='ltr'><strong>adten-</strong></span> 
     </span>
     <span class='ocr_line' id='line_1_9' title="bbox 74 1431 1216 1513; baseline 0.003 -20"><span class='ocrx_word' id='word_1_53' title='bbox 74 1431 162 1512; x_wconf 88' lang='lat' dir='ltr'><strong>dite,</strong></span> <span class='ocrx_word' id='word_1_54' title='bbox 192 1451 235 1496; x_wconf 87' lang='lat' dir='ltr'><strong>ne</strong></span> <span class='ocrx_word' id='word_1_55' title='bbox 258 1433 445 1497; x_wconf 89' lang='lat' dir='ltr'><strong>iustitiam</strong></span> <span class='ocrx_word' id='word_1_56' title='bbox 473 1436 635 1498; x_wconf 86' lang='lat' dir='ltr'><strong>uestram</strong></span> <span class='ocrx_word' id='word_1_57' title='bbox 661 1433 813 1497; x_wconf 83' lang='lat' dir='ltr'><strong>faciatis</strong></span> <span class='ocrx_word' id='word_1_58' title='bbox 837 1451 958 1501; x_wconf 87' lang='lat' dir='ltr'><strong>coram</strong></span> <span class='ocrx_word' id='word_1_59' title='bbox 988 1431 1216 1513; x_wconf 90' lang='lat' dir='ltr'><strong>hominibus,</strong></span> 
     </span>
     <span class='ocr_line' id='line_1_10' title="bbox 74 1536 1216 1619; baseline 0 -20"><span class='ocrx_word' id='word_1_60' title='bbox 74 1539 111 1599; x_wconf 92' lang='lat' dir='ltr'><strong>ut</strong></span> <span class='ocrx_word' id='word_1_61' title='bbox 132 1536 336 1600; x_wconf 91' lang='lat' dir='ltr'><strong>uideamini</strong></span> <span class='ocrx_word' id='word_1_62' title='bbox 359 1537 402 1601; x_wconf 89' lang='lat' dir='ltr'><strong>ab</strong></span> <span class='ocrx_word' id='word_1_63' title='bbox 427 1538 494 1617; x_wconf 89' lang='lat' dir='ltr'><strong>eis,</strong></span> <span class='ocrx_word' id='word_1_64' title='bbox 520 1537 701 1602; x_wconf 89' lang='lat' dir='ltr'><strong>etiterum:</strong></span> <span class='ocrx_word' id='word_1_65' title='bbox 734 1555 814 1600; x_wconf 91' lang='lat' dir='ltr'><strong>curn</strong></span> <span class='ocrx_word' id='word_1_66' title='bbox 837 1537 931 1600; x_wconf 85' lang='lat' dir='ltr'><strong>lacis</strong></span> <span class='ocrx_word' id='word_1_67' title='bbox 956 1537 1216 1619; x_wconf 85' lang='lat' dir='ltr'><strong>elimosynam,</strong></span> 
     </span>
     <span class='ocr_line' id='line_1_11' title="bbox 73 1641 1270 1724; baseline 0.001 -22"><span class='ocrx_word' id='word_1_68' title='bbox 73 1641 218 1704; x_wconf 87' lang='lat' dir='ltr'><strong>nesciat</strong></span> <span class='ocrx_word' id='word_1_69' title='bbox 240 1641 397 1705; x_wconf 86' lang='lat' dir='ltr'><strong>sinistra</strong></span> <span class='ocrx_word' id='word_1_70' title='bbox 419 1646 498 1721; x_wconf 89' lang='lat' dir='ltr'><strong>tua,</strong></span> <span class='ocrx_word' id='word_1_71' title='bbox 521 1642 608 1724; x_wconf 93' lang='lat' dir='ltr'><strong>quid</strong></span> <span class='ocrx_word' id='word_1_72' title='bbox 632 1642 748 1706; x_wconf 84' lang='lat' dir='ltr'><strong>iaciat</strong></span> <span class='ocrx_word' id='word_1_73' title='bbox 770 1642 925 1705; x_wconf 87' lang='lat' dir='ltr'><strong>dextera</strong></span> <span class='ocrx_word' id='word_1_74' title='bbox 947 1645 1024 1722; x_wconf 88' lang='lat' dir='ltr'><strong>tua,</strong></span> <span class='ocrx_word' id='word_1_75' title='bbox 1048 1658 1119 1704; x_wconf 92' lang='lat' dir='ltr'><strong>cum</strong></span> <span class='ocrx_word' id='word_1_76' title='bbox 1143 1641 1215 1704; x_wconf 88' lang='lat' dir='ltr'><strong>alibi</strong></span> <span class='ocrx_word' id='word_1_77' title='bbox 1245 1667 1270 1703; x_wconf 85' lang='grc' dir='ltr'><strong>ιο</strong></span> 
     </span>
     <span class='ocr_line' id='line_1_12' title="bbox 73 1743 1218 1824; baseline 0.001 -18"><span class='ocrx_word' id='word_1_78' title='bbox 73 1743 172 1808; x_wconf 86' lang='lat' dir='ltr'><strong>dicat:</strong></span> <span class='ocrx_word' id='word_1_79' title='bbox 204 1745 258 1809; x_wconf 90' lang='lat' dir='ltr'><strong>sic</strong></span> <span class='ocrx_word' id='word_1_80' title='bbox 287 1746 411 1810; x_wconf 88' lang='lat' dir='ltr'><strong>luceat</strong></span> <span class='ocrx_word' id='word_1_81' title='bbox 439 1747 500 1810; x_wconf 85' lang='lat' dir='ltr'><strong>lux</strong></span> <span class='ocrx_word' id='word_1_82' title='bbox 531 1749 659 1810; x_wconf 89' lang='lat' dir='ltr'><strong>uestra</strong></span> <span class='ocrx_word' id='word_1_83' title='bbox 686 1762 809 1810; x_wconf 85' lang='lat' dir='ltr'><strong>coram</strong></span> <span class='ocrx_word' id='word_1_84' title='bbox 841 1745 1070 1824; x_wconf 91' lang='lat' dir='ltr'><strong>hominibus,</strong></span> <span class='ocrx_word' id='word_1_85' title='bbox 1102 1749 1140 1808; x_wconf 93' lang='lat' dir='ltr'><strong>ut</strong></span> <span class='ocrx_word' id='word_1_86' title='bbox 1167 1745 1218 1807; x_wconf 91' lang='lat' dir='ltr'><strong>ni-</strong></span> 
     </span>
     <span class='ocr_line' id='line_1_13' title="bbox 73 1848 1218 1933; baseline 0.001 -22"><span class='ocrx_word' id='word_1_87' title='bbox 73 1848 185 1912; x_wconf 89' lang='lat' dir='ltr'><strong>deant</strong></span> <span class='ocrx_word' id='word_1_88' title='bbox 212 1867 323 1932; x_wconf 88' lang='lat' dir='ltr'><strong>opcra</strong></span> <span class='ocrx_word' id='word_1_89' title='bbox 350 1855 479 1915; x_wconf 88' lang='lat' dir='ltr'><strong>uestra</strong></span> <span class='ocrx_word' id='word_1_90' title='bbox 506 1851 609 1915; x_wconf 92' lang='lat' dir='ltr'><strong>bona.</strong></span> <span class='ocrx_word' id='word_1_91' title='bbox 657 1851 821 1933; x_wconf 85' lang='lat' dir='ltr'><strong>diligenter</strong></span> <span class='ocrx_word' id='word_1_92' title='bbox 844 1850 1011 1930; x_wconf 83' lang='lat' dir='ltr'><strong>adtendite,</strong></span> <span class='ocrx_word' id='word_1_93' title='bbox 1039 1850 1163 1930; x_wconf 79' lang='lat' dir='ltr'><strong>fratrea,</strong></span> <span class='ocrx_word' id='word_1_94' title='bbox 1188 1853 1218 1913; x_wconf 90' lang='lat' dir='ltr'><strong>et</strong></span> 
     </span>
     <span class='ocr_line' id='line_1_14' title="bbox 73 1952 1215 2038; baseline 0.002 -24"><span class='ocrx_word' id='word_1_95' title='bbox 73 1952 268 2018; x_wconf 89' lang='lat' dir='ltr'><strong>intellectum</strong></span> <span class='ocrx_word' id='word_1_96' title='bbox 292 1954 415 2018; x_wconf 90' lang='lat' dir='ltr'><strong>diuinae</strong></span> <span class='ocrx_word' id='word_1_97' title='bbox 439 1956 610 2038; x_wconf 80' lang='lat' dir='ltr'><strong>scripturae</strong></span> <span class='ocrx_word' id='word_1_98' title='bbox 637 1955 797 2019; x_wconf 90' lang='lat' dir='ltr'><strong>humiliter</strong></span> <span class='ocrx_word' id='word_1_99' title='bbox 820 1959 851 2018; x_wconf 91' lang='lat' dir='ltr'><strong>et</strong></span> <span class='ocrx_word' id='word_1_100' title='bbox 878 1956 1035 2036; x_wconf 86' lang='lat' dir='ltr'><strong>sapienter</strong></span> <span class='ocrx_word' id='word_1_101' title='bbox 1058 1954 1215 2036; x_wconf 79' lang='lat' dir='ltr'><strong>requirite.</strong></span> 
     </span>
     <span class='ocr_line' id='line_1_15' title="bbox 73 2057 1217 2142; baseline 0 -22"><span class='ocrx_word' id='word_1_102' title='bbox 73 2075 132 2120; x_wconf 93' lang='lat' dir='ltr'><strong>non</strong></span> <span class='ocrx_word' id='word_1_103' title='bbox 164 2057 248 2122; x_wconf 92' lang='lat' dir='ltr'><strong>enim</strong></span> <span class='ocrx_word' id='word_1_104' title='bbox 277 2057 335 2122; x_wconf 91' lang='lat' dir='ltr'><strong>sibi</strong></span> <span class='ocrx_word' id='word_1_105' title='bbox 361 2060 428 2142; x_wconf 91' lang='lat' dir='ltr'><strong>ipse</strong></span> <span class='ocrx_word' id='word_1_106' title='bbox 452 2060 596 2123; x_wconf 91' lang='lat' dir='ltr'><strong>dominus</strong></span> <span class='ocrx_word' id='word_1_107' title='bbox 624 2062 656 2123; x_wconf 93' lang='lat' dir='ltr'><strong>in</strong></span> <span class='ocrx_word' id='word_1_108' title='bbox 680 2059 860 2142; x_wconf 86' lang='lat' dir='ltr'><strong>euangelica</strong></span> <span class='ocrx_word' id='word_1_109' title='bbox 887 2059 1018 2122; x_wconf 86' lang='lat' dir='ltr'><strong>lectione</strong></span> <span class='ocrx_word' id='word_1_110' title='bbox 1046 2058 1217 2122; x_wconf 86' lang='lat' dir='ltr'><strong>contrarius</strong></span> 
     </span>
     <span class='ocr_line' id='line_1_16' title="bbox 73 2163 1353 2252; baseline 0 -28"><span class='ocrx_word' id='word_1_111' title='bbox 73 2180 141 2225; x_wconf 88' lang='lat' dir='ltr'><strong>esse</strong></span> <span class='ocrx_word' id='word_1_112' title='bbox 170 2166 283 2245; x_wconf 90' lang='lat' dir='ltr'><strong>potest.</strong></span> <span class='ocrx_word' id='word_1_113' title='bbox 329 2181 403 2227; x_wconf 92' lang='lat' dir='ltr'><strong>nam</strong></span> <span class='ocrx_word' id='word_1_114' title='bbox 427 2165 500 2246; x_wconf 91' lang='lat' dir='ltr'><strong>quia</strong></span> <span class='ocrx_word' id='word_1_115' title='bbox 527 2165 733 2246; x_wconf 80' lang='lat' dir='ltr'><strong>elimosynam</strong></span> <span class='ocrx_word' id='word_1_116' title='bbox 761 2168 793 2228; x_wconf 88' lang='lat' dir='ltr'><strong>et</strong></span> <span class='ocrx_word' id='word_1_117' title='bbox 816 2164 934 2228; x_wconf 89' lang='lat' dir='ltr'><strong>occulte</strong></span> <span class='ocrx_word' id='word_1_118' title='bbox 962 2163 1033 2252; x_wconf 88' lang='lat' dir='ltr'><strong>lieri</strong></span> <span class='ocrx_word' id='word_1_119' title='bbox 1055 2164 1121 2246; x_wconf 91' lang='lat' dir='ltr'><strong>ipse</strong></span> <span class='ocrx_word' id='word_1_120' title='bbox 1145 2163 1219 2227; x_wconf 85' lang='lat' dir='ltr'><strong>dixit</strong></span> <span class='ocrx_word' id='word_1_121' title='bbox 1245 2184 1270 2224; x_wconf 80' lang='lat' dir='ltr'><strong>rs</strong></span> <span class='ocrx_word' id='word_1_122' title='bbox 1351 2233 1353 2236; x_wconf 13' lang='lat' dir='ltr'>v</span> 
     </span>
     <span class='ocr_line' id='line_1_17' title="bbox 72 2267 1217 2351; baseline 0.001 -22"><span class='ocrx_word' id='word_1_123' title='bbox 72 2267 197 2350; x_wconf 88' lang='lat' dir='ltr'><strong>etipse</strong></span> <span class='ocrx_word' id='word_1_124' title='bbox 221 2267 383 2331; x_wconf 86' lang='lat' dir='ltr'><strong>admonuit</strong></span> <span class='ocrx_word' id='word_1_125' title='bbox 404 2267 539 2350; x_wconf 89' lang='lat' dir='ltr'><strong>publice,</strong></span> <span class='ocrx_word' id='word_1_126' title='bbox 571 2273 606 2332; x_wconf 91' lang='lat' dir='ltr'><strong>ut</strong></span> <span class='ocrx_word' id='word_1_127' title='bbox 636 2269 695 2332; x_wconf 90' lang='lat' dir='ltr'><strong>sibi</strong></span> <span class='ocrx_word' id='word_1_128' title='bbox 717 2272 884 2351; x_wconf 86' lang='lat' dir='ltr'><strong>praecepta</strong></span> <span class='ocrx_word' id='word_1_129' title='bbox 911 2269 977 2332; x_wconf 91' lang='lat' dir='ltr'><strong>eius</strong></span> <span class='ocrx_word' id='word_1_130' title='bbox 1001 2287 1062 2332; x_wconf 91' lang='lat' dir='ltr'><strong>non</strong></span> <span class='ocrx_word' id='word_1_131' title='bbox 1090 2267 1217 2331; x_wconf 87' lang='lat' dir='ltr'><strong>uidean-</strong></span> 
     </span>
     <span class='ocr_line' id='line_1_18' title="bbox 72 2371 1217 2454; baseline 0.001 -21"><span class='ocrx_word' id='word_1_132' title='bbox 72 2375 124 2434; x_wconf 92' lang='lat' dir='ltr'><strong>tur</strong></span> <span class='ocrx_word' id='word_1_133' title='bbox 162 2389 232 2434; x_wconf 88' lang='lat' dir='ltr'><strong>esse</strong></span> <span class='ocrx_word' id='word_1_134' title='bbox 268 2372 438 2452; x_wconf 84' lang='lat' dir='ltr'><strong>contraria,</strong></span> <span class='ocrx_word' id='word_1_135' title='bbox 473 2373 666 2436; x_wconf 89' lang='lat' dir='ltr'><strong>intellectum</strong></span> <span class='ocrx_word' id='word_1_136' title='bbox 702 2372 842 2437; x_wconf 89' lang='lat' dir='ltr'><strong>sobrium</strong></span> <span class='ocrx_word' id='word_1_137' title='bbox 875 2374 1005 2454; x_wconf 91' lang='lat' dir='ltr'><strong>quaerit.</strong></span> <span class='ocrx_word' id='word_1_138' title='bbox 1052 2371 1104 2453; x_wconf 94' lang='lat' dir='ltr'><strong>qui</strong></span> <span class='ocrx_word' id='word_1_139' title='bbox 1135 2372 1217 2435; x_wconf 92' lang='lat' dir='ltr'><strong>enim</strong></span> 
     </span>
     <span class='ocr_line' id='line_1_19' title="bbox 74 2474 1218 2558; baseline 0.003 -22"><span class='ocrx_word' id='word_1_140' title='bbox 74 2474 144 2540; x_wconf 89' lang='lat' dir='ltr'><strong>ideo</strong></span> <span class='ocrx_word' id='word_1_141' title='bbox 170 2475 246 2539; x_wconf 85' lang='lat' dir='ltr'><strong>lacit</strong></span> <span class='ocrx_word' id='word_1_142' title='bbox 270 2476 486 2558; x_wconf 81' lang='lat' dir='ltr'><strong>elimosynam,</strong></span> <span class='ocrx_word' id='word_1_143' title='bbox 510 2480 545 2540; x_wconf 91' lang='lat' dir='ltr'><strong>ut</strong></span> <span class='ocrx_word' id='word_1_144' title='bbox 569 2476 607 2540; x_wconf 90' lang='lat' dir='ltr'><strong>ab</strong></span> <span class='ocrx_word' id='word_1_145' title='bbox 635 2477 816 2540; x_wconf 89' lang='lat' dir='ltr'><strong>hominibus</strong></span> <span class='ocrx_word' id='word_1_146' title='bbox 845 2495 878 2539; x_wconf 87' lang='lat' dir='ltr'><strong>se</strong></span> <span class='ocrx_word' id='word_1_147' title='bbox 906 2476 1027 2540; x_wconf 87' lang='lat' dir='ltr'><strong>laudari</strong></span> <span class='ocrx_word' id='word_1_148' title='bbox 1055 2476 1218 2556; x_wconf 85' lang='lat' dir='ltr'><strong>desideret,</strong></span> 
     </span>
     <span class='ocr_line' id='line_1_20' title="bbox 71 2580 1219 2664; baseline 0.001 -22"><span class='ocrx_word' id='word_1_149' title='bbox 71 2581 171 2643; x_wconf 90' lang='lat' dir='ltr'><strong>etiam</strong></span> <span class='ocrx_word' id='word_1_150' title='bbox 205 2580 231 2642; x_wconf 94' lang='lat' dir='ltr'><strong>si</strong></span> <span class='ocrx_word' id='word_1_151' title='bbox 262 2581 382 2644; x_wconf 81' lang='lat' dir='ltr'><strong>occulte</strong></span> <span class='ocrx_word' id='word_1_152' title='bbox 409 2581 528 2661; x_wconf 85' lang='lat' dir='ltr'><strong>fecerit,</strong></span> <span class='ocrx_word' id='word_1_153' title='bbox 561 2581 684 2664; x_wconf 87' lang='lat' dir='ltr'><strong>publice</strong></span> <span class='ocrx_word' id='word_1_154' title='bbox 717 2582 801 2660; x_wconf 84' lang='lat' dir='ltr'><strong>facit,</strong></span> <span class='ocrx_word' id='word_1_155' title='bbox 835 2582 907 2662; x_wconf 91' lang='lat' dir='ltr'><strong>quia</strong></span> <span class='ocrx_word' id='word_1_156' title='bbox 937 2581 1063 2645; x_wconf 88' lang='lat' dir='ltr'><strong>laudern</strong></span> <span class='ocrx_word' id='word_1_157' title='bbox 1093 2581 1132 2644; x_wconf 80' lang='lat' dir='ltr'><strong>ab</strong></span> <span class='ocrx_word' id='word_1_158' title='bbox 1163 2581 1219 2644; x_wconf 91' lang='lat' dir='ltr'><strong>ho·</strong></span> 
     </span>
     <span class='ocr_line' id='line_1_21' title="bbox 72 2683 1271 2768; baseline -0.002 -21"><span class='ocrx_word' id='word_1_159' title='bbox 72 2683 215 2748; x_wconf 89' lang='lat' dir='ltr'><strong>minibus</strong></span> <span class='ocrx_word' id='word_1_160' title='bbox 247 2685 376 2766; x_wconf 91' lang='lat' dir='ltr'><strong>quaerit.</strong></span> <span class='ocrx_word' id='word_1_161' title='bbox 423 2687 475 2767; x_wconf 93' lang='lat' dir='ltr'><strong>qui</strong></span> <span class='ocrx_word' id='word_1_162' title='bbox 507 2704 581 2750; x_wconf 90' lang='lat' dir='ltr'><strong>uero</strong></span> <span class='ocrx_word' id='word_1_163' title='bbox 614 2686 817 2768; x_wconf 88' lang='lat' dir='ltr'><strong>elimosynam</strong></span> <span class='ocrx_word' id='word_1_164' title='bbox 850 2702 905 2768; x_wconf 93' lang='lat' dir='ltr'><strong>pro</strong></span> <span class='ocrx_word' id='word_1_165' title='bbox 936 2686 1001 2749; x_wconf 90' lang='lat' dir='ltr'><strong>solo</strong></span> <span class='ocrx_word' id='word_1_166' title='bbox 1032 2703 1137 2748; x_wconf 89' lang='lat' dir='ltr'><strong>amore</strong></span> <span class='ocrx_word' id='word_1_167' title='bbox 1169 2684 1218 2746; x_wconf 84' lang='lat' dir='ltr'><strong>dei</strong></span> <span class='ocrx_word' id='word_1_168' title='bbox 1245 2708 1271 2746; x_wconf 76' lang='lat' dir='ltr'><strong>no</strong></span> 
     </span>
     <span class='ocr_line' id='line_1_22' title="bbox 70 2787 1218 2872; baseline -0.001 -21"><span class='ocrx_word' id='word_1_169' title='bbox 70 2787 158 2869; x_wconf 89' lang='lat' dir='ltr'><strong>lacit,</strong></span> <span class='ocrx_word' id='word_1_170' title='bbox 189 2789 338 2852; x_wconf 92' lang='lat' dir='ltr'><strong>utillum</strong></span> <span class='ocrx_word' id='word_1_171' title='bbox 367 2789 405 2853; x_wconf 87' lang='lat' dir='ltr'><strong>ad</strong></span> <span class='ocrx_word' id='word_1_172' title='bbox 433 2807 510 2871; x_wconf 89' lang='lat' dir='ltr'><strong>opus</strong></span> <span class='ocrx_word' id='word_1_173' title='bbox 538 2789 656 2854; x_wconf 85' lang='lat' dir='ltr'><strong>bonum</strong></span> <span class='ocrx_word' id='word_1_174' title='bbox 680 2791 789 2872; x_wconf 92' lang='lat' dir='ltr'><strong>reliqui</strong></span> <span class='ocrx_word' id='word_1_175' title='bbox 816 2790 979 2853; x_wconf 88' lang='lat' dir='ltr'><strong>imitentur</strong></span> <span class='ocrx_word' id='word_1_176' title='bbox 1003 2793 1034 2853; x_wconf 89' lang='lat' dir='ltr'><strong>et</strong></span> <span class='ocrx_word' id='word_1_177' title='bbox 1057 2806 1118 2852; x_wconf 92' lang='lat' dir='ltr'><strong>non</strong></span> <span class='ocrx_word' id='word_1_178' title='bbox 1142 2789 1218 2870; x_wconf 87' lang='lat' dir='ltr'><strong>ipse,</strong></span> 
     </span>
     <span class='ocr_line' id='line_1_23' title="bbox 69 2893 1218 2976; baseline 0.002 -22"><span class='ocrx_word' id='word_1_179' title='bbox 69 2893 125 2955; x_wconf 88' lang='lat' dir='ltr'><strong>sed</strong></span> <span class='ocrx_word' id='word_1_180' title='bbox 151 2893 299 2958; x_wconf 90' lang='lat' dir='ltr'><strong>dominus</strong></span> <span class='ocrx_word' id='word_1_181' title='bbox 323 2893 535 2974; x_wconf 87' lang='lat' dir='ltr'><strong>conlaudetur,</strong></span> <span class='ocrx_word' id='word_1_182' title='bbox 566 2895 660 2958; x_wconf 88' lang='lat' dir='ltr'><strong>etiarn</strong></span> <span class='ocrx_word' id='word_1_183' title='bbox 685 2894 712 2958; x_wconf 86' lang='lat' dir='ltr'><strong>si</strong></span> <span class='ocrx_word' id='word_1_184' title='bbox 733 2893 856 2976; x_wconf 88' lang='lat' dir='ltr'><strong>publice</strong></span> <span class='ocrx_word' id='word_1_185' title='bbox 883 2894 978 2957; x_wconf 87' lang='lat' dir='ltr'><strong>faciat</strong></span> <span class='ocrx_word' id='word_1_186' title='bbox 1001 2893 1218 2975; x_wconf 90' lang='lat' dir='ltr'><strong>elimosynam,</strong></span> 
     </span>
     <span class='ocr_line' id='line_1_24' title="bbox 69 2997 1218 3082; baseline 0 -22"><span class='ocrx_word' id='word_1_187' title='bbox 69 2997 227 3061; x_wconf 85' lang='lat' dir='ltr'><strong>absconse</strong></span> <span class='ocrx_word' id='word_1_188' title='bbox 250 2997 334 3078; x_wconf 82' lang='lat' dir='ltr'><strong>lacit,</strong></span> <span class='ocrx_word' id='word_1_189' title='bbox 359 2999 432 3080; x_wconf 87' lang='lat' dir='ltr'><strong>quia</strong></span> <span class='ocrx_word' id='word_1_190' title='bbox 453 3016 508 3082; x_wconf 91' lang='lat' dir='ltr'><strong>pro</strong></span> <span class='ocrx_word' id='word_1_191' title='bbox 532 2999 703 3081; x_wconf 87' lang='lat' dir='ltr'><strong>elimosyna</strong></span> <span class='ocrx_word' id='word_1_192' title='bbox 727 2999 780 3063; x_wconf 90' lang='lat' dir='ltr'><strong>illa</strong></span> <span class='ocrx_word' id='word_1_193' title='bbox 804 3017 865 3063; x_wconf 94' lang='lat' dir='ltr'><strong>non</strong></span> <span class='ocrx_word' id='word_1_194' title='bbox 888 2999 957 3079; x_wconf 93' lang='lat' dir='ltr'><strong>hoc,</strong></span> <span class='ocrx_word' id='word_1_195' title='bbox 981 2997 1061 3080; x_wconf 90' lang='lat' dir='ltr'><strong>qnod</strong></span> <span class='ocrx_word' id='word_1_196' title='bbox 1085 2998 1218 3078; x_wconf 91' lang='lat' dir='ltr'><strong>uidetur,</strong></span> 
     </span>
    </p>
   </div>
   <div class='ocr_carea' id='block_1_5' title="bbox 182 3213 981 3284">
    <p class='ocr_par' dir='ltr' id='par_1_5' title="bbox 182 3213 981 3284">
     <span class='ocr_line' id='line_1_25' title="bbox 182 3213 981 3284; baseline 0.003 -16"><span class='ocrx_word' id='word_1_197' title='bbox 182 3213 209 3282; x_wconf 84' lang='lat' dir='ltr'><strong>r]</strong></span> <span class='ocrx_word' id='word_1_198' title='bbox 228 3213 325 3268; x_wconf 73' lang='lat' dir='ltr'><strong>naseu.</strong></span> <span class='ocrx_word' id='word_1_199' title='bbox 338 3216 363 3277; x_wconf 85' lang='lat' dir='ltr'><strong>a,</strong></span> <span class='ocrx_word' id='word_1_200' title='bbox 378 3217 399 3270; x_wconf 93' lang='lat'><strong>1.</strong></span> <span class='ocrx_word' id='word_1_201' title='bbox 454 3214 482 3284; x_wconf 86' lang='lat' dir='ltr'><strong>e]</strong></span> <span class='ocrx_word' id='word_1_202' title='bbox 501 3214 597 3268; x_wconf 74' lang='lat' dir='ltr'><strong>naeth.</strong></span> <span class='ocrx_word' id='word_1_203' title='bbox 612 3217 635 3278; x_wconf 87' lang='lat' dir='ltr'><strong>s,</strong></span> <span class='ocrx_word' id='word_1_204' title='bbox 650 3217 673 3270; x_wconf 88' lang='lat' dir='ltr'><strong>a.</strong></span> <span class='ocrx_word' id='word_1_205' title='bbox 729 3215 772 3284; x_wconf 92' lang='lat'><strong>11]</strong></span> <span class='ocrx_word' id='word_1_206' title='bbox 792 3215 888 3269; x_wconf 75' lang='lat' dir='ltr'><strong>natta.</strong></span> <span class='ocrx_word' id='word_1_207' title='bbox 902 3219 927 3280; x_wconf 86' lang='lat'><strong>5,</strong></span> <span class='ocrx_word' id='word_1_208' title='bbox 943 3217 981 3270; x_wconf 83' lang='lat' dir='ltr'><strong>ro.</strong></span> 
     </span>
    </p>
   </div>
   <div class='ocr_carea' id='block_1_6' title="bbox 65 3413 1221 4519">
    <p class='ocr_par' dir='ltr' id='par_1_6' title="bbox 65 3413 1221 4444">
     <span class='ocr_line' id='line_1_26' title="bbox 112 3413 1220 3484; baseline -0.002 -14"><span class='ocrx_word' id='word_1_209' title='bbox 112 3419 131 3470; x_wconf 83' lang='lat'><strong>2</strong></span> <span class='ocrx_word' id='word_1_210' title='bbox 151 3413 228 3483; x_wconf 76' lang='lat' dir='ltr'><strong>incipi</strong></span> <span class='ocrx_word' id='word_1_211' title='bbox 246 3413 278 3466; x_wconf 89' lang='lat' dir='ltr'><strong>de</strong></span> <span class='ocrx_word' id='word_1_212' title='bbox 296 3413 409 3468; x_wconf 90' lang='lat' dir='ltr'><strong>lectione</strong></span> <span class='ocrx_word' id='word_1_213' title='bbox 428 3413 595 3484; x_wconf 80' lang='lat' dir='ltr'><strong>euuangaelii</strong></span> <span class='ocrx_word' id='word_1_214' title='bbox 613 3415 659 3468; x_wconf 91' lang='lat' dir='ltr'><strong>ubi</strong></span> <span class='ocrx_word' id='word_1_215' title='bbox 677 3415 717 3468; x_wconf 90' lang='lat' dir='ltr'><strong>ait</strong></span> <span class='ocrx_word' id='word_1_216' title='bbox 735 3415 836 3469; x_wconf 86' lang='lat' dir='ltr'><strong>neseiat</strong></span> <span class='ocrx_word' id='word_1_217' title='bbox 854 3415 962 3468; x_wconf 84' lang='lat' dir='ltr'><strong>sinistra</strong></span> <span class='ocrx_word' id='word_1_218' title='bbox 985 3417 1033 3468; x_wconf 88' lang='lat' dir='ltr'><strong>tua</strong></span> <span class='ocrx_word' id='word_1_219' title='bbox 1055 3414 1119 3483; x_wconf 92' lang='lat' dir='ltr'><strong>quid</strong></span> <span class='ocrx_word' id='word_1_220' title='bbox 1139 3415 1220 3468; x_wconf 83' lang='lat' dir='ltr'><strong>iaciat</strong></span> 
     </span>
     <span class='ocr_line' id='line_1_27' title="bbox 68 3501 1219 3572; baseline 0.002 -18"><span class='ocrx_word' id='word_1_221' title='bbox 68 3501 192 3556; x_wconf 80' lang='lat' dir='ltr'><strong>derdere</strong></span> <span class='ocrx_word' id='word_1_222' title='bbox 210 3505 257 3554; x_wconf 85' lang='lat' dir='ltr'><strong>tua</strong></span> <span class='ocrx_word' id='word_1_223' title='bbox 270 3501 314 3569; x_wconf 88' lang='lat' dir='ltr'><strong>D;</strong></span> <span class='ocrx_word' id='word_1_224' title='bbox 330 3507 417 3558; x_wconf 79' lang='lat' dir='ltr'><strong>caelat</strong></span> <span class='ocrx_word' id='word_1_225' title='bbox 434 3503 478 3558; x_wconf 84' lang='lat' dir='ltr'><strong>lu&#39;c</strong></span> <span class='ocrx_word' id='word_1_226' title='bbox 495 3519 580 3558; x_wconf 82' lang='lat' dir='ltr'><strong>sermo</strong></span> <span class='ocrx_word' id='word_1_227' title='bbox 599 3504 671 3558; x_wconf 78' lang='lat' dir='ltr'><strong>inter</strong></span> <span class='ocrx_word' id='word_1_228' title='bbox 682 3504 834 3572; x_wconf 75' lang='lat' dir='ltr'><strong>Aepustini</strong></span> <span class='ocrx_word' id='word_1_229' title='bbox 852 3519 985 3558; x_wconf 80' lang='lat' dir='ltr'><strong>sernrmws</strong></span> <span class='ocrx_word' id='word_1_230' title='bbox 1004 3503 1101 3558; x_wconf 75' lang='lat' dir='ltr'><strong>dubios</strong></span> <span class='ocrx_word' id='word_1_231' title='bbox 1113 3506 1148 3556; x_wconf 86' lang='lat'><strong>63</strong></span> <span class='ocrx_word' id='word_1_232' title='bbox 1166 3503 1219 3570; x_wconf 87' lang='lat'><strong>(39,</strong></span> 
     </span>
     <span class='ocr_line' id='line_1_28' title="bbox 69 3588 1219 3657; baseline -0.001 -15"><span class='ocrx_word' id='word_1_233' title='bbox 69 3595 139 3643; x_wconf 71' lang='lat' dir='ltr'><strong>recl</strong></span> <span class='ocrx_word' id='word_1_234' title='bbox 162 3589 219 3654; x_wconf 84' lang='lat' dir='ltr'><strong>M.)</strong></span> <span class='ocrx_word' id='word_1_235' title='bbox 272 3591 340 3644; x_wconf 89' lang='lat' dir='ltr'><strong>8ne</strong></span> <span class='ocrx_word' id='word_1_236' title='bbox 358 3607 408 3644; x_wconf 82' lang='lat' dir='ltr'><strong>one.</strong></span> <span class='ocrx_word' id='word_1_237' title='bbox 422 3590 452 3643; x_wconf 91' lang='lat' dir='ltr'><em>D</em></span> <span class='ocrx_word' id='word_1_238' title='bbox 504 3589 712 3657; x_wconf 84' lang='lat' dir='ltr'><strong>9elyrnosinam</strong></span> <span class='ocrx_word' id='word_1_239' title='bbox 733 3591 762 3644; x_wconf 90' lang='lat' dir='ltr'><em>D</em></span> <span class='ocrx_word' id='word_1_240' title='bbox 817 3588 1023 3644; x_wconf 68' lang='lat' dir='ltr'><strong>luderdesse</strong></span> <span class='ocrx_word' id='word_1_241' title='bbox 1076 3605 1136 3642; x_wconf 90' lang='lat' dir='ltr'><strong>cum</strong></span> <span class='ocrx_word' id='word_1_242' title='bbox 1156 3588 1219 3642; x_wconf 87' lang='lat' dir='ltr'><strong>alibi</strong></span> 
     </span>
     <span class='ocr_line' id='line_1_29' title="bbox 68 3673 1219 3744; baseline 0 -16"><span class='ocrx_word' id='word_1_243' title='bbox 68 3675 158 3744; x_wconf 79' lang='lat' dir='ltr'><strong>dicat]</strong></span> <span class='ocrx_word' id='word_1_244' title='bbox 181 3675 266 3727; x_wconf 80' lang='lat' dir='ltr'><strong>nteit</strong></span> <span class='ocrx_word' id='word_1_245' title='bbox 285 3673 430 3743; x_wconf 87' lang='lat' dir='ltr'><strong>elimosyna</strong></span> <span class='ocrx_word' id='word_1_246' title='bbox 448 3679 495 3728; x_wconf 86' lang='lat' dir='ltr'><strong>tua</strong></span> <span class='ocrx_word' id='word_1_247' title='bbox 513 3676 540 3728; x_wconf 92' lang='lat' dir='ltr'><strong>in</strong></span> <span class='ocrx_word' id='word_1_248' title='bbox 560 3675 694 3730; x_wconf 86' lang='lat' dir='ltr'><strong>absconso.</strong></span> <span class='ocrx_word' id='word_1_249' title='bbox 726 3675 857 3744; x_wconf 87' lang='lat' dir='ltr'><strong>quomodo</strong></span> <span class='ocrx_word' id='word_1_250' title='bbox 876 3675 926 3728; x_wconf 89' lang='lat' dir='ltr'><strong>hoc</strong></span> <span class='ocrx_word' id='word_1_251' title='bbox 943 3675 1088 3729; x_wconf 91' lang='lat' dir='ltr'><strong>secundum</strong></span> <span class='ocrx_word' id='word_1_252' title='bbox 1100 3675 1219 3729; x_wconf 90' lang='lat' dir='ltr'><strong>litteram</strong></span> 
     </span>
     <span class='ocr_line' id='line_1_30' title="bbox 67 3761 1219 3832; baseline -0.002 -16"><span class='ocrx_word' id='word_1_253' title='bbox 67 3765 197 3832; x_wconf 79' lang='lat' dir='ltr'><strong>accipere</strong></span> <span class='ocrx_word' id='word_1_254' title='bbox 224 3777 373 3830; x_wconf 80' lang='lat' dir='ltr'><strong>possumus,</strong></span> <span class='ocrx_word' id='word_1_255' title='bbox 402 3778 463 3815; x_wconf 87' lang='lat' dir='ltr'><strong>curn</strong></span> <span class='ocrx_word' id='word_1_256' title='bbox 488 3763 543 3832; x_wconf 90' lang='lat' dir='ltr'><strong>ipsc</strong></span> <span class='ocrx_word' id='word_1_257' title='bbox 567 3761 691 3815; x_wconf 87' lang='lat' dir='ltr'><strong>domiuus</strong></span> <span class='ocrx_word' id='word_1_258' title='bbox 715 3763 811 3814; x_wconf 80' lang='lat' dir='ltr'><strong>iterum</strong></span> <span class='ocrx_word' id='word_1_259' title='bbox 841 3761 924 3814; x_wconf 89' lang='lat' dir='ltr'><strong>dicat:</strong></span> <span class='ocrx_word' id='word_1_260' title='bbox 952 3762 990 3815; x_wconf 84' lang='lat' dir='ltr'><strong>sic</strong></span> <span class='ocrx_word' id='word_1_261' title='bbox 1016 3761 1104 3815; x_wconf 86' lang='lat' dir='ltr'><strong>luceat</strong></span> <span class='ocrx_word' id='word_1_262' title='bbox 1128 3761 1219 3814; x_wconf 88' lang='lat' dir='ltr'><strong>lumen</strong></span> 
     </span>
     <span class='ocr_line' id='line_1_31' title="bbox 68 3847 1220 3918; baseline 0 -16"><span class='ocrx_word' id='word_1_263' title='bbox 68 3855 197 3904; x_wconf 81' lang='lat' dir='ltr'><strong>uestrum</strong></span> <span class='ocrx_word' id='word_1_264' title='bbox 222 3863 310 3901; x_wconf 86' lang='lat' dir='ltr'><strong>coram</strong></span> <span class='ocrx_word' id='word_1_265' title='bbox 333 3847 496 3913; x_wconf 87' lang='lat' dir='ltr'><strong>hominibus,</strong></span> <span class='ocrx_word' id='word_1_266' title='bbox 525 3853 554 3902; x_wconf 87' lang='lat' dir='ltr'><strong>ut</strong></span> <span class='ocrx_word' id='word_1_267' title='bbox 582 3849 690 3902; x_wconf 86' lang='lat' dir='ltr'><strong>uideant</strong></span> <span class='ocrx_word' id='word_1_268' title='bbox 713 3853 803 3901; x_wconf 86' lang='lat' dir='ltr'><strong>uestra</strong></span> <span class='ocrx_word' id='word_1_269' title='bbox 825 3848 896 3902; x_wconf 90' lang='lat' dir='ltr'><strong>bona</strong></span> <span class='ocrx_word' id='word_1_270' title='bbox 917 3865 995 3918; x_wconf 88' lang='lat' dir='ltr'><strong>opera</strong></span> <span class='ocrx_word' id='word_1_271' title='bbox 1018 3853 1045 3902; x_wconf 87' lang='lat' dir='ltr'><strong>et</strong></span> <span class='ocrx_word' id='word_1_272' title='bbox 1071 3847 1220 3916; x_wconf 79' lang='lat' dir='ltr'><strong>glorificent</strong></span> 
     </span>
     <span class='ocr_line' id='line_1_32' title="bbox 66 3935 1220 4008; baseline -0.002 -18"><span class='ocrx_word' id='word_1_273' title='bbox 66 3944 180 4008; x_wconf 80' lang='lat' dir='ltr'><strong>patrem</strong></span> <span class='ocrx_word' id='word_1_274' title='bbox 205 3938 332 3996; x_wconf 82' lang='lat' dir='ltr'><strong>uestrum,</strong></span> <span class='ocrx_word' id='word_1_275' title='bbox 356 3936 400 4004; x_wconf 91' lang='lat' dir='ltr'><strong>qui</strong></span> <span class='ocrx_word' id='word_1_276' title='bbox 424 3936 451 3988; x_wconf 92' lang='lat' dir='ltr'><strong>in</strong></span> <span class='ocrx_word' id='word_1_277' title='bbox 477 3935 555 3989; x_wconf 84' lang='lat' dir='ltr'><strong>caelis</strong></span> <span class='ocrx_word' id='word_1_278' title='bbox 579 3935 636 3989; x_wconf 77' lang='lat' dir='ltr'><strong>est?</strong></span> <span class='ocrx_word' id='word_1_279' title='bbox 667 3935 798 4004; x_wconf 91' lang='lat' dir='ltr'><strong>quomodo</strong></span> <span class='ocrx_word' id='word_1_280' title='bbox 821 3936 865 3989; x_wconf 89' lang='lat' dir='ltr'><strong>hic</strong></span> <span class='ocrx_word' id='word_1_281' title='bbox 889 3935 966 3989; x_wconf 88' lang='lat' dir='ltr'><strong>dicit:</strong></span> <span class='ocrx_word' id='word_1_282' title='bbox 990 3936 1090 3988; x_wconf 90' lang='lat' dir='ltr'><strong>nesciat</strong></span> <span class='ocrx_word' id='word_1_283' title='bbox 1112 3935 1220 3989; x_wconf 83' lang='lat' dir='ltr'><strong>sinistra</strong></span> 
     </span>
     <span class='ocr_line' id='line_1_33' title="bbox 66 4023 1220 4096; baseline -0.001 -16"><span class='ocrx_word' id='word_1_284' title='bbox 66 4036 125 4083; x_wconf 79' lang='lat' dir='ltr'><strong>trra.</strong></span> <span class='ocrx_word' id='word_1_285' title='bbox 156 4023 226 4094; x_wconf 90' lang='lat' dir='ltr'><strong>qnid</strong></span> <span class='ocrx_word' id='word_1_286' title='bbox 255 4023 335 4077; x_wconf 83' lang='lat' dir='ltr'><strong>iaciat</strong></span> <span class='ocrx_word' id='word_1_287' title='bbox 362 4024 469 4078; x_wconf 80' lang='lat' dir='ltr'><strong>dextera</strong></span> <span class='ocrx_word' id='word_1_288' title='bbox 496 4029 549 4083; x_wconf 84' lang='lat' dir='ltr'><strong>tua,</strong></span> <span class='ocrx_word' id='word_1_289' title='bbox 578 4043 638 4078; x_wconf 89' lang='lat' dir='ltr'><strong>cnm</strong></span> <span class='ocrx_word' id='word_1_290' title='bbox 663 4023 727 4078; x_wconf 88' lang='lat' dir='ltr'><strong>alibi</strong></span> <span class='ocrx_word' id='word_1_291' title='bbox 751 4023 822 4079; x_wconf 85' lang='lat' dir='ltr'><strong>dieat</strong></span> <span class='ocrx_word' id='word_1_292' title='bbox 845 4027 916 4096; x_wconf 80' lang='lat' dir='ltr'><strong>Aup.</strong></span> <span class='ocrx_word' id='word_1_293' title='bbox 989 4028 1022 4080; x_wconf 85' lang='lat'><strong>14</strong></span> <span class='ocrx_word' id='word_1_294' title='bbox 1048 4023 1168 4078; x_wconf 83' lang='lat' dir='ltr'><strong>lectionis</strong></span> <span class='ocrx_word' id='word_1_295' title='bbox 1190 4025 1220 4079; x_wconf 94' lang='lat' dir='ltr'><em>D</em></span> 
     </span>
     <span class='ocr_line' id='line_1_34' title="bbox 69 4109 1221 4182; baseline -0.004 -11"><span class='ocrx_word' id='word_1_296' title='bbox 69 4117 100 4170; x_wconf 87' lang='lat'><strong>15</strong></span> <span class='ocrx_word' id='word_1_297' title='bbox 115 4109 315 4182; x_wconf 70' lang='lat' dir='ltr'><strong>elymosinam</strong></span> <span class='ocrx_word' id='word_1_298' title='bbox 361 4111 486 4166; x_wconf 86' lang='lat' dir='ltr'><strong>oculteD</strong></span> <span class='ocrx_word' id='word_1_299' title='bbox 535 4111 723 4182; x_wconf 77' lang='lat' dir='ltr'><strong>lsspuplicsD</strong></span> <span class='ocrx_word' id='word_1_300' title='bbox 771 4115 803 4168; x_wconf 89' lang='lat'><strong>18</strong></span> <span class='ocrx_word' id='word_1_301' title='bbox 815 4113 1002 4181; x_wconf 68' lang='lat' dir='ltr'><strong>elymosiutD</strong></span> <span class='ocrx_word' id='word_1_302' title='bbox 1050 4115 1082 4166; x_wconf 89' lang='lat'><strong>19</strong></span> <span class='ocrx_word' id='word_1_303' title='bbox 1095 4111 1221 4166; x_wconf 88' lang='lat' dir='ltr'><strong>oculteD</strong></span> 
     </span>
     <span class='ocr_line' id='line_1_35' title="bbox 66 4197 1221 4268; baseline -0.001 -13"><span class='ocrx_word' id='word_1_304' title='bbox 66 4203 167 4255; x_wconf 80' lang='lat' dir='ltr'><strong>lecerit</strong></span> <span class='ocrx_word' id='word_1_305' title='bbox 194 4199 276 4268; x_wconf 75' lang='lat' dir='ltr'><strong>Aeep,</strong></span> <span class='ocrx_word' id='word_1_306' title='bbox 299 4197 380 4251; x_wconf 81' lang='lat' dir='ltr'><strong>luerit</strong></span> <span class='ocrx_word' id='word_1_307' title='bbox 403 4200 432 4254; x_wconf 90' lang='grc' dir='ltr'><strong>Ι)</strong></span> <span class='ocrx_word' id='word_1_308' title='bbox 502 4199 606 4268; x_wconf 86' lang='lat' dir='ltr'><strong>puplice</strong></span> <span class='ocrx_word' id='word_1_309' title='bbox 629 4201 658 4254; x_wconf 90' lang='lat' dir='ltr'><em>D</em></span> <span class='ocrx_word' id='word_1_310' title='bbox 728 4199 761 4253; x_wconf 80' lang='lat'><strong>20</strong></span> <span class='ocrx_word' id='word_1_311' title='bbox 783 4199 872 4267; x_wconf 85' lang='lat' dir='ltr'><strong>querit</strong></span> <span class='ocrx_word' id='word_1_312' title='bbox 894 4199 923 4254; x_wconf 92' lang='lat' dir='ltr'><em>D</em></span> <span class='ocrx_word' id='word_1_313' title='bbox 995 4198 1167 4267; x_wconf 84' lang='lat' dir='ltr'><strong>elymosinam</strong></span> <span class='ocrx_word' id='word_1_314' title='bbox 1191 4199 1221 4254; x_wconf 91' lang='lat' dir='ltr'><em>D</em></span> 
     </span>
     <span class='ocr_line' id='line_1_36' title="bbox 65 4284 1220 4356; baseline -0.003 -15"><span class='ocrx_word' id='word_1_315' title='bbox 65 4293 97 4346; x_wconf 79' lang='lat'><strong>21</strong></span> <span class='ocrx_word' id='word_1_316' title='bbox 122 4285 226 4352; x_wconf 85' lang='lat' dir='ltr'><strong>reliqui</strong></span> <span class='ocrx_word' id='word_1_317' title='bbox 246 4284 385 4339; x_wconf 88' lang='lat' dir='ltr'><strong>imitentur</strong></span> <span class='ocrx_word' id='word_1_318' title='bbox 404 4287 484 4356; x_wconf 79' lang='lat' dir='ltr'><strong>Aop,</strong></span> <span class='ocrx_word' id='word_1_319' title='bbox 504 4285 613 4355; x_wconf 90' lang='lat' dir='ltr'><strong>reliquie</strong></span> <span class='ocrx_word' id='word_1_320' title='bbox 632 4287 774 4340; x_wconf 89' lang='lat' dir='ltr'><strong>mittentur</strong></span> <span class='ocrx_word' id='word_1_321' title='bbox 793 4287 822 4340; x_wconf 91' lang='lat' dir='ltr'><strong><em>D</em></strong></span> <span class='ocrx_word' id='word_1_322' title='bbox 892 4289 925 4342; x_wconf 78' lang='lat'><strong>22</strong></span> <span class='ocrx_word' id='word_1_323' title='bbox 944 4285 1048 4356; x_wconf 91' lang='lat' dir='ltr'><strong>puplice</strong></span> <span class='ocrx_word' id='word_1_324' title='bbox 1066 4287 1096 4341; x_wconf 92' lang='lat' dir='ltr'><em>D</em></span> <span class='ocrx_word' id='word_1_325' title='bbox 1166 4285 1220 4356; x_wconf 89' lang='lat' dir='ltr'><strong>ely-</strong></span> 
     </span>
     <span class='ocr_line' id='line_1_37' title="bbox 65 4371 923 4444; baseline -0.006 -13"><span class='ocrx_word' id='word_1_326' title='bbox 65 4375 185 4430; x_wconf 60' lang='lat' dir='ltr'><strong>mosina</strong></span> <span class='ocrx_word' id='word_1_327' title='bbox 202 4373 232 4428; x_wconf 90' lang='lat' dir='ltr'><em>D</em></span> <span class='ocrx_word' id='word_1_328' title='bbox 284 4374 318 4428; x_wconf 85' lang='lat'><strong>23</strong></span> <span class='ocrx_word' id='word_1_329' title='bbox 336 4371 401 4427; x_wconf 84' lang='lat' dir='ltr'><strong>lacit</strong></span> <span class='ocrx_word' id='word_1_330' title='bbox 419 4375 500 4444; x_wconf 80' lang='lat' dir='ltr'><strong>Aup,</strong></span> <span class='ocrx_word' id='word_1_331' title='bbox 519 4373 600 4428; x_wconf 83' lang='lat' dir='ltr'><strong>saciat</strong></span> <span class='ocrx_word' id='word_1_332' title='bbox 618 4375 647 4429; x_wconf 93' lang='lat' dir='ltr'><em>D</em></span> <span class='ocrx_word' id='word_1_333' title='bbox 700 4371 874 4442; x_wconf 84' lang='lat' dir='ltr'><strong>elymosinam</strong></span> <span class='ocrx_word' id='word_1_334' title='bbox 893 4373 923 4427; x_wconf 91' lang='lat' dir='ltr'><em>D</em></span> 
     </span>
    </p>

    <p class='ocr_par' dir='ltr' id='par_1_7' title="bbox 121 4465 1064 4519">
     <span class='ocr_line' id='line_1_38' title="bbox 121 4465 1064 4519; baseline -0.004 -7"><span class='ocrx_word' id='word_1_335' title='bbox 121 4467 268 4516; x_wconf 77' lang='lat' dir='ltr'><strong>111.Faaat.</strong></span> <span class='ocrx_word' id='word_1_336' title='bbox 1033 4465 1064 4519; x_wconf 82' lang='grc'><strong>19</strong></span> 
     </span>
    </p>
   </div>
   <div class='ocr_carea' id='block_1_7' title="bbox 0 0 1466 4924">
    <p class='ocr_par' dir='ltr' id='par_1_8' title="bbox 0 0 1466 4924">
     <span class='ocr_line' id='line_1_39' title="bbox 0 0 1466 4924; baseline 0 3"><span class='ocrx_word' id='word_1_337' title='bbox 0 0 1466 4924; x_wconf 95' lang='lat' dir='ltr'><strong> </strong></span> 
     </span>
    </p>
   </div>
  </div>
 </body>
</html>
