<?xml version="1.0" encoding="UTF-8"?>
<!DOCTYPE html PUBLIC "-//W3C//DTD XHTML 1.0 Transitional//EN"
    "http://www.w3.org/TR/xhtml1/DTD/xhtml1-transitional.dtd">
<html xmlns="http://www.w3.org/1999/xhtml" xml:lang="en" lang="en">
 <head>
  <title>
</title>
<meta http-equiv="Content-Type" content="text/html;charset=utf-8" />
  <meta name='ocr-system' content='tesseract 3.04.00' />
  <meta name='ocr-capabilities' content='ocr_page ocr_carea ocr_par ocr_line ocrx_word'/>
</head>
<body>
  <div class='ocr_page' id='page_1' title='image "./praetersermones00fausgoog/praetersermones00fausgoog_0233.png"; bbox 0 0 2886 4928; ppageno 0'>
   <div class='ocr_carea' id='block_1_1' title="bbox 514 388 1206 455">
    <p class='ocr_par' dir='ltr' id='par_1_1' title="bbox 514 388 1206 455">
     <span class='ocr_line' id='line_1_1' title="bbox 514 388 1206 455; baseline -0.001 -12"><span class='ocrx_word' id='word_1_1' title='bbox 514 388 612 443; x_wconf 88' lang='lat' dir='ltr'>Liber</span> <span class='ocrx_word' id='word_1_2' title='bbox 630 389 659 443; x_wconf 91' lang='lat' dir='ltr'>II</span> <span class='ocrx_word' id='word_1_3' title='bbox 676 392 752 445; x_wconf 80' lang='lat'>4-5.</span> <span class='ocrx_word' id='word_1_4' title='bbox 1145 391 1206 455; x_wconf 79' lang='grc'><strong>145</strong></span> 
     </span>
    </p>
   </div>
   <div class='ocr_carea' id='block_1_2' title="bbox 76 561 1263 3572">
    <p class='ocr_par' dir='ltr' id='par_1_2' title="bbox 76 561 1263 3572">
     <span class='ocr_line' id='line_1_2' title="bbox 78 561 1205 648; baseline 0.002 -24"><span class='ocrx_word' id='word_1_5' title='bbox 78 561 228 628; x_wconf 82' lang='lat' dir='ltr'>adiunctus</span> <span class='ocrx_word' id='word_1_6' title='bbox 259 565 431 648; x_wconf 90' lang='lat' dir='ltr'>secundum</span> <span class='ocrx_word' id='word_1_7' title='bbox 463 564 687 648; x_wconf 84' lang='lat' dir='ltr'>euangelicam,</span> <span class='ocrx_word' id='word_1_8' title='bbox 718 583 797 646; x_wconf 91' lang='lat' dir='ltr'>quae</span> <span class='ocrx_word' id='word_1_9' title='bbox 829 565 971 648; x_wconf 87' lang='lat' dir='ltr'>superius</span> <span class='ocrx_word' id='word_1_10' title='bbox 999 569 1047 629; x_wconf 91' lang='lat' dir='ltr'>est</span> <span class='ocrx_word' id='word_1_11' title='bbox 1069 583 1205 630; x_wconf 91' lang='lat' dir='ltr'>comme-</span> 
     </span>
     <span class='ocr_line' id='line_1_3' title="bbox 77 669 1205 753; baseline 0 -21"><span class='ocrx_word' id='word_1_12' title='bbox 77 673 195 748; x_wconf 85' lang='lat' dir='ltr'>morata,</span> <span class='ocrx_word' id='word_1_13' title='bbox 220 670 425 734; x_wconf 87' lang='lat' dir='ltr'>sententiam:</span> <span class='ocrx_word' id='word_1_14' title='bbox 450 669 508 733; x_wconf 88' lang='lat' dir='ltr'>nisi</span> <span class='ocrx_word' id='word_1_15' title='bbox 531 670 601 752; x_wconf 86' lang='lat' dir='ltr'>quis</span> <span class='ocrx_word' id='word_1_16' title='bbox 625 674 753 734; x_wconf 89' lang='lat' dir='ltr'>renatus</span> <span class='ocrx_word' id='word_1_17' title='bbox 776 671 870 734; x_wconf 86' lang='lat' dir='ltr'>luerit</span> <span class='ocrx_word' id='word_1_18' title='bbox 893 689 929 734; x_wconf 84' lang='lat' dir='ltr'>ex</span> <span class='ocrx_word' id='word_1_19' title='bbox 952 687 1033 752; x_wconf 87' lang='lat' dir='ltr'>aqua</span> <span class='ocrx_word' id='word_1_20' title='bbox 1049 673 1079 733; x_wconf 90' lang='lat' dir='ltr'>et</span> <span class='ocrx_word' id='word_1_21' title='bbox 1094 670 1205 753; x_wconf 86' lang='lat' dir='ltr'>spiritu</span> 
     </span>
     <span class='ocr_line' id='line_1_4' title="bbox 76 773 1206 858; baseline 0.002 -24"><span class='ocrx_word' id='word_1_22' title='bbox 76 777 186 852; x_wconf 85' lang='lat' dir='ltr'>sancto,</span> <span class='ocrx_word' id='word_1_23' title='bbox 221 791 284 838; x_wconf 90' lang='lat' dir='ltr'>non</span> <span class='ocrx_word' id='word_1_24' title='bbox 315 777 419 856; x_wconf 89' lang='lat' dir='ltr'>potest</span> <span class='ocrx_word' id='word_1_25' title='bbox 449 774 564 838; x_wconf 87' lang='lat' dir='ltr'>intrare</span> <span class='ocrx_word' id='word_1_26' title='bbox 594 775 626 838; x_wconf 94' lang='lat' dir='ltr'>in</span> <span class='ocrx_word' id='word_1_27' title='bbox 656 791 789 858; x_wconf 84' lang='lat' dir='ltr'>reguum</span> <span class='ocrx_word' id='word_1_28' title='bbox 820 775 877 838; x_wconf 90' lang='lat' dir='ltr'>dei.</span> <span class='ocrx_word' id='word_1_29' title='bbox 927 773 1127 837; x_wconf 86' lang='lat' dir='ltr'>manifestum</span> <span class='ocrx_word' id='word_1_30' title='bbox 1159 777 1206 836; x_wconf 88' lang='lat' dir='ltr'>est</span> 
     </span>
     <span class='ocr_line' id='line_1_5' title="bbox 77 877 1205 961; baseline 0.002 -23"><span class='ocrx_word' id='word_1_31' title='bbox 77 895 149 957; x_wconf 89' lang='lat' dir='ltr'>eum,</span> <span class='ocrx_word' id='word_1_32' title='bbox 179 879 233 958; x_wconf 91' lang='lat' dir='ltr'>qui</span> <span class='ocrx_word' id='word_1_33' title='bbox 256 877 334 942; x_wconf 85' lang='lat' dir='ltr'>haec</span> <span class='ocrx_word' id='word_1_34' title='bbox 361 878 507 960; x_wconf 87' lang='lat' dir='ltr'>loquitur,</span> <span class='ocrx_word' id='word_1_35' title='bbox 536 897 598 942; x_wconf 90' lang='lat' dir='ltr'>nou</span> <span class='ocrx_word' id='word_1_36' title='bbox 621 880 722 943; x_wconf 90' lang='lat' dir='ltr'>solum</span> <span class='ocrx_word' id='word_1_37' title='bbox 747 879 887 943; x_wconf 84' lang='lat' dir='ltr'>diuinam</span> <span class='ocrx_word' id='word_1_38' title='bbox 909 879 940 942; x_wconf 94' lang='lat' dir='ltr'>iu</span> <span class='ocrx_word' id='word_1_39' title='bbox 964 879 1074 961; x_wconf 88' lang='lat' dir='ltr'>spiritu</span> <span class='ocrx_word' id='word_1_40' title='bbox 1097 883 1205 941; x_wconf 86' lang='lat' dir='ltr'>sancto</span> 
     </span>
     <span class='ocr_line' id='line_1_6' title="bbox 77 981 1257 1066; baseline 0.002 -22"><span class='ocrx_word' id='word_1_41' title='bbox 77 985 266 1063; x_wconf 81' lang='lat' dir='ltr'>potestatem,</span> <span class='ocrx_word' id='word_1_42' title='bbox 297 982 352 1047; x_wconf 90' lang='lat' dir='ltr'>sed</span> <span class='ocrx_word' id='word_1_43' title='bbox 382 983 483 1064; x_wconf 83' lang='lat' dir='ltr'><strong>ipsam</strong></span> <span class='ocrx_word' id='word_1_44' title='bbox 514 981 663 1066; x_wconf 77' lang='lat' dir='ltr'>baptismi</span> <span class='ocrx_word' id='word_1_45' title='bbox 694 983 813 1048; x_wconf 88' lang='lat' dir='ltr'>nescire</span> <span class='ocrx_word' id='word_1_46' title='bbox 837 983 999 1048; x_wconf 86' lang='lat' dir='ltr'>rationem.</span> <span class='ocrx_word' id='word_1_47' title='bbox 1046 984 1205 1065; x_wconf 87' lang='lat' dir='ltr'>apostolus</span> <span class='ocrx_word' id='word_1_48' title='bbox 1245 1007 1257 1046; x_wconf 81' lang='grc'>1</span> 
     </span>
     <span class='ocr_line' id='line_1_7' title="bbox 78 1085 1206 1167; baseline 0.004 -21"><span class='ocrx_word' id='word_1_49' title='bbox 78 1087 283 1150; x_wconf 83' lang='lat' dir='ltr'>autemdicit:</span> <span class='ocrx_word' id='word_1_50' title='bbox 315 1087 347 1150; x_wconf 91' lang='lat' dir='ltr'>si</span> <span class='ocrx_word' id='word_1_51' title='bbox 378 1090 501 1150; x_wconf 83' lang='lat' dir='ltr'>autem</span> <span class='ocrx_word' id='word_1_52' title='bbox 525 1088 661 1152; x_wconf 88' lang='lat' dir='ltr'>mortui</span> <span class='ocrx_word' id='word_1_53' title='bbox 683 1106 810 1152; x_wconf 87' lang='lat' dir='ltr'>sumus</span> <span class='ocrx_word' id='word_1_54' title='bbox 834 1105 914 1151; x_wconf 92' lang='lat' dir='ltr'>cum</span> <span class='ocrx_word' id='word_1_55' title='bbox 938 1085 1101 1167; x_wconf 79' lang='lat' dir='ltr'>Christo,</span> <span class='ocrx_word' id='word_1_56' title='bbox 1132 1105 1206 1150; x_wconf 89' lang='lat' dir='ltr'>cre-</span> 
     </span>
     <span class='ocr_line' id='line_1_8' title="bbox 78 1187 1207 1273; baseline 0.004 -23"><span class='ocrx_word' id='word_1_57' title='bbox 78 1187 202 1270; x_wconf 83' lang='lat' dir='ltr'>dimus,</span> <span class='ocrx_word' id='word_1_58' title='bbox 233 1191 320 1272; x_wconf 87' lang='lat' dir='ltr'>quia</span> <span class='ocrx_word' id='word_1_59' title='bbox 343 1191 454 1255; x_wconf 92' lang='lat' dir='ltr'>simul</span> <span class='ocrx_word' id='word_1_60' title='bbox 479 1191 592 1256; x_wconf 87' lang='lat' dir='ltr'>etiam</span> <span class='ocrx_word' id='word_1_61' title='bbox 623 1192 793 1256; x_wconf 90' lang='lat' dir='ltr'>uiuemus</span> <span class='ocrx_word' id='word_1_62' title='bbox 821 1210 900 1255; x_wconf 90' lang='lat' dir='ltr'>cum</span> <span class='ocrx_word' id='word_1_63' title='bbox 925 1191 1085 1256; x_wconf 77' lang='lat' dir='ltr'>Christo.</span> <span class='ocrx_word' id='word_1_64' title='bbox 1132 1208 1207 1273; x_wconf 90' lang='lat' dir='ltr'>quo-</span> 
     </span>
     <span class='ocr_line' id='line_1_9' title="bbox 78 1294 1206 1382; baseline 0.002 -26"><span class='ocrx_word' id='word_1_65' title='bbox 78 1294 159 1358; x_wconf 93' lang='lat' dir='ltr'>modo</span> <span class='ocrx_word' id='word_1_66' title='bbox 188 1299 295 1359; x_wconf 86' lang='lat' dir='ltr'>autem</span> <span class='ocrx_word' id='word_1_67' title='bbox 326 1314 493 1378; x_wconf 85' lang='lat' dir='ltr'>possumus</span> <span class='ocrx_word' id='word_1_68' title='bbox 524 1315 596 1361; x_wconf 92' lang='lat' dir='ltr'>cum</span> <span class='ocrx_word' id='word_1_69' title='bbox 620 1296 744 1361; x_wconf 83' lang='lat' dir='ltr'>Christo</span> <span class='ocrx_word' id='word_1_70' title='bbox 774 1298 824 1360; x_wconf 91' lang='lat' dir='ltr'>uel</span> <span class='ocrx_word' id='word_1_71' title='bbox 856 1297 933 1360; x_wconf 91' lang='lat' dir='ltr'>mori</span> <span class='ocrx_word' id='word_1_72' title='bbox 960 1295 1012 1359; x_wconf 92' lang='lat' dir='ltr'>uel</span> <span class='ocrx_word' id='word_1_73' title='bbox 1034 1313 1206 1382; x_wconf 81' lang='lat' dir='ltr'>resurgere,</span> 
     </span>
     <span class='ocr_line' id='line_1_10' title="bbox 78 1397 1208 1488; baseline 0.003 -29"><span class='ocrx_word' id='word_1_74' title='bbox 78 1397 101 1460; x_wconf 88' lang='lat' dir='ltr'>si</span> <span class='ocrx_word' id='word_1_75' title='bbox 121 1399 266 1481; x_wconf 86' lang='lat' dir='ltr'>requiras,</span> <span class='ocrx_word' id='word_1_76' title='bbox 297 1401 433 1464; x_wconf 78' lang='lat' dir='ltr'>adurente.</span> <span class='ocrx_word' id='word_1_77' title='bbox 481 1419 599 1480; x_wconf 88' lang='lat' dir='ltr'>omnes,</span> <span class='ocrx_word' id='word_1_78' title='bbox 623 1403 810 1488; x_wconf 88' lang='lat' dir='ltr'>quicumque</span> <span class='ocrx_word' id='word_1_79' title='bbox 840 1400 1034 1464; x_wconf 84' lang='lat' dir='ltr'>sacrofonte</span> <span class='ocrx_word' id='word_1_80' title='bbox 1065 1397 1208 1462; x_wconf 90' lang='lat' dir='ltr'>submer-</span> 
     </span>
     <span class='ocr_line' id='line_1_11' title="bbox 78 1501 1260 1587; baseline 0.003 -23"><span class='ocrx_word' id='word_1_81' title='bbox 78 1501 184 1582; x_wconf 80' lang='lat' dir='ltr'>gimur,</span> <span class='ocrx_word' id='word_1_82' title='bbox 224 1508 357 1568; x_wconf 86' lang='lat' dir='ltr'>mortem</span> <span class='ocrx_word' id='word_1_83' title='bbox 389 1509 419 1568; x_wconf 89' lang='lat' dir='ltr'>et</span> <span class='ocrx_word' id='word_1_84' title='bbox 453 1505 646 1587; x_wconf 77' lang='lat' dir='ltr'>sepulturam</span> <span class='ocrx_word' id='word_1_85' title='bbox 680 1505 885 1586; x_wconf 89' lang='lat' dir='ltr'>redemptoris</span> <span class='ocrx_word' id='word_1_86' title='bbox 919 1505 1093 1583; x_wconf 77' lang='lat' dir='ltr'>imitamur,</span> <span class='ocrx_word' id='word_1_87' title='bbox 1128 1505 1208 1568; x_wconf 90' lang='lat' dir='ltr'>sicut</span> <span class='ocrx_word' id='word_1_88' title='bbox 1238 1531 1260 1568; x_wconf 86' lang='grc' dir='ltr'>ιο</span> 
     </span>
     <span class='ocr_line' id='line_1_12' title="bbox 79 1597 1208 1692; baseline 0.004 -26"><span class='ocrx_word' id='word_1_89' title='bbox 79 1604 152 1670; x_wconf 89' lang='lat' dir='ltr'>idem</span> <span class='ocrx_word' id='word_1_90' title='bbox 174 1609 334 1690; x_wconf 82' lang='lat' dir='ltr'>apostolus</span> <span class='ocrx_word' id='word_1_91' title='bbox 363 1609 450 1673; x_wconf 85' lang='lat' dir='ltr'>dicit:</span> <span class='ocrx_word' id='word_1_92' title='bbox 486 1627 530 1674; x_wconf 91' lang='lat' dir='ltr'>an</span> <span class='ocrx_word' id='word_1_93' title='bbox 561 1610 760 1692; x_wconf 85' lang='lat' dir='ltr'>ignoratis,</span> <span class='ocrx_word' id='word_1_94' title='bbox 791 1597 890 1690; x_wconf 72' lang='lat' dir='ltr'>quia,</span> <span class='ocrx_word' id='word_1_95' title='bbox 922 1609 1141 1690; x_wconf 79' lang='lat' dir='ltr'>quicumque</span> <span class='ocrx_word' id='word_1_96' title='bbox 1172 1609 1208 1671; x_wconf 92' lang='lat' dir='ltr'>in</span> 
     </span>
     <span class='ocr_line' id='line_1_13' title="bbox 79 1707 1206 1795; baseline 0.003 -23"><span class='ocrx_word' id='word_1_97' title='bbox 79 1707 218 1776; x_wconf 81' lang='lat' dir='ltr'>Christo</span> <span class='ocrx_word' id='word_1_98' title='bbox 253 1711 438 1795; x_wconf 79' lang='lat' dir='ltr'>baptizati</span> <span class='ocrx_word' id='word_1_99' title='bbox 472 1732 613 1792; x_wconf 85' lang='lat' dir='ltr'>sumus,</span> <span class='ocrx_word' id='word_1_100' title='bbox 649 1714 683 1778; x_wconf 92' lang='lat' dir='ltr'>in</span> <span class='ocrx_word' id='word_1_101' title='bbox 719 1718 835 1777; x_wconf 86' lang='lat' dir='ltr'>morte</span> <span class='ocrx_word' id='word_1_102' title='bbox 870 1714 989 1795; x_wconf 91' lang='lat' dir='ltr'>ipsius</span> <span class='ocrx_word' id='word_1_103' title='bbox 1021 1712 1206 1795; x_wconf 84' lang='lat' dir='ltr'>baptizati</span> 
     </span>
     <span class='ocr_line' id='line_1_14' title="bbox 79 1816 1208 1900; baseline 0.006 -27"><span class='ocrx_word' id='word_1_104' title='bbox 79 1819 217 1880; x_wconf 78' lang='lat' dir='ltr'>sumus?</span> <span class='ocrx_word' id='word_1_105' title='bbox 256 1818 469 1900; x_wconf 79' lang='lat' dir='ltr'>consepulti</span> <span class='ocrx_word' id='word_1_106' title='bbox 493 1820 588 1882; x_wconf 87' lang='lat' dir='ltr'>enim</span> <span class='ocrx_word' id='word_1_107' title='bbox 613 1837 739 1882; x_wconf 88' lang='lat' dir='ltr'>sumus</span> <span class='ocrx_word' id='word_1_108' title='bbox 763 1836 843 1880; x_wconf 91' lang='lat' dir='ltr'>cum</span> <span class='ocrx_word' id='word_1_109' title='bbox 867 1817 1014 1881; x_wconf 78' lang='lat' dir='ltr'>Christo</span> <span class='ocrx_word' id='word_1_110' title='bbox 1036 1835 1100 1899; x_wconf 93' lang='lat' dir='ltr'>per</span> <span class='ocrx_word' id='word_1_111' title='bbox 1123 1816 1208 1898; x_wconf 90' lang='lat' dir='ltr'>bap-</span> 
     </span>
     <span class='ocr_line' id='line_1_15' title="bbox 79 1917 1207 2002; baseline 0.004 -24"><span class='ocrx_word' id='word_1_112' title='bbox 79 1917 218 1984; x_wconf 86' lang='lat' dir='ltr'>tismum</span> <span class='ocrx_word' id='word_1_113' title='bbox 240 1921 277 1984; x_wconf 93' lang='lat' dir='ltr'>iu</span> <span class='ocrx_word' id='word_1_114' title='bbox 306 1925 469 1986; x_wconf 90' lang='lat' dir='ltr'>mortem.</span> <span class='ocrx_word' id='word_1_115' title='bbox 505 1923 693 1986; x_wconf 86' lang='lat' dir='ltr'>sicutenim</span> <span class='ocrx_word' id='word_1_116' title='bbox 717 1922 768 1986; x_wconf 89' lang='lat' dir='ltr'>ille</span> <span class='ocrx_word' id='word_1_117' title='bbox 792 1921 935 1985; x_wconf 87' lang='lat' dir='ltr'>triduana</span> <span class='ocrx_word' id='word_1_118' title='bbox 950 1924 1049 1985; x_wconf 92' lang='lat' dir='ltr'>morte</span> <span class='ocrx_word' id='word_1_119' title='bbox 1066 1920 1207 2002; x_wconf 89' lang='lat' dir='ltr'>sepulcro</span> 
     </span>
     <span class='ocr_line' id='line_1_16' title="bbox 79 2023 1260 2108; baseline 0.005 -24"><span class='ocrx_word' id='word_1_120' title='bbox 79 2023 211 2088; x_wconf 87' lang='lat' dir='ltr'>conditus</span> <span class='ocrx_word' id='word_1_121' title='bbox 242 2025 309 2106; x_wconf 84' lang='lat' dir='ltr'>fuit,</span> <span class='ocrx_word' id='word_1_122' title='bbox 340 2028 384 2090; x_wconf 86' lang='lat' dir='ltr'>ita</span> <span class='ocrx_word' id='word_1_123' title='bbox 414 2031 445 2090; x_wconf 92' lang='lat' dir='ltr'>et</span> <span class='ocrx_word' id='word_1_124' title='bbox 475 2045 530 2091; x_wconf 92' lang='lat' dir='ltr'>uos</span> <span class='ocrx_word' id='word_1_125' title='bbox 562 2028 644 2091; x_wconf 86' lang='lat' dir='ltr'>iutra</span> <span class='ocrx_word' id='word_1_126' title='bbox 674 2044 781 2108; x_wconf 85' lang='lat' dir='ltr'>aquae,</span> <span class='ocrx_word' id='word_1_127' title='bbox 812 2027 841 2090; x_wconf 94' lang='lat' dir='ltr'>id</span> <span class='ocrx_word' id='word_1_128' title='bbox 873 2029 920 2090; x_wconf 89' lang='lat' dir='ltr'>est</span> <span class='ocrx_word' id='word_1_129' title='bbox 950 2027 1032 2090; x_wconf 88' lang='lat' dir='ltr'>iutra</span> <span class='ocrx_word' id='word_1_130' title='bbox 1058 2027 1208 2107; x_wconf 83' lang='lat' dir='ltr'>cognatae</span> <span class='ocrx_word' id='word_1_131' title='bbox 1236 2049 1260 2090; x_wconf 81' lang='lat' dir='ltr'>u</span> 
     </span>
     <span class='ocr_line' id='line_1_17' title="bbox 79 2128 1209 2213; baseline 0.004 -26"><span class='ocrx_word' id='word_1_132' title='bbox 79 2133 228 2194; x_wconf 82' lang='lat' dir='ltr'>creaturae</span> <span class='ocrx_word' id='word_1_133' title='bbox 257 2130 345 2194; x_wconf 88' lang='lat' dir='ltr'>sinus</span> <span class='ocrx_word' id='word_1_134' title='bbox 367 2131 450 2194; x_wconf 88' lang='lat' dir='ltr'>trina</span> <span class='ocrx_word' id='word_1_135' title='bbox 473 2130 688 2195; x_wconf 88' lang='lat' dir='ltr'>submersione</span> <span class='ocrx_word' id='word_1_136' title='bbox 711 2131 851 2213; x_wconf 86' lang='lat' dir='ltr'>depositi,</span> <span class='ocrx_word' id='word_1_137' title='bbox 882 2131 958 2193; x_wconf 92' lang='lat' dir='ltr'>dum</span> <span class='ocrx_word' id='word_1_138' title='bbox 981 2128 1209 2208; x_wconf 82' lang='lat' dir='ltr'>descendimus,</span> 
     </span>
     <span class='ocr_line' id='line_1_18' title="bbox 79 2233 1210 2319; baseline 0.002 -26"><span class='ocrx_word' id='word_1_139' title='bbox 79 2233 248 2314; x_wconf 85' lang='lat' dir='ltr'>sepelimur,</span> <span class='ocrx_word' id='word_1_140' title='bbox 272 2234 347 2298; x_wconf 92' lang='lat' dir='ltr'>dum</span> <span class='ocrx_word' id='word_1_141' title='bbox 366 2237 564 2319; x_wconf 82' lang='lat' dir='ltr'>emergimur,</span> <span class='ocrx_word' id='word_1_142' title='bbox 588 2237 785 2300; x_wconf 85' lang='lat' dir='ltr'>suscitamur.</span> <span class='ocrx_word' id='word_1_143' title='bbox 820 2255 874 2317; x_wconf 90' lang='lat' dir='ltr'>per</span> <span class='ocrx_word' id='word_1_144' title='bbox 894 2252 1008 2317; x_wconf 86' lang='lat' dir='ltr'>aquam</span> <span class='ocrx_word' id='word_1_145' title='bbox 1032 2235 1137 2314; x_wconf 84' lang='lat' dir='ltr'>itaque</span> <span class='ocrx_word' id='word_1_146' title='bbox 1160 2251 1210 2295; x_wconf 87' lang='lat' dir='ltr'>ce·</span> 
     </span>
     <span class='ocr_line' id='line_1_19' title="bbox 79 2333 1210 2423; baseline 0.004 -29"><span class='ocrx_word' id='word_1_147' title='bbox 79 2333 208 2402; x_wconf 83' lang='lat' dir='ltr'>latratur</span> <span class='ocrx_word' id='word_1_148' title='bbox 237 2339 371 2404; x_wconf 78' lang='lat' dir='ltr'>imitatio</span> <span class='ocrx_word' id='word_1_149' title='bbox 401 2341 590 2422; x_wconf 88' lang='lat' dir='ltr'>sepulturae,</span> <span class='ocrx_word' id='word_1_150' title='bbox 622 2359 676 2423; x_wconf 89' lang='lat' dir='ltr'>per</span> <span class='ocrx_word' id='word_1_151' title='bbox 706 2341 850 2422; x_wconf 86' lang='lat' dir='ltr'>spiritum</span> <span class='ocrx_word' id='word_1_152' title='bbox 881 2343 1025 2403; x_wconf 88' lang='lat' dir='ltr'>sanctum</span> <span class='ocrx_word' id='word_1_153' title='bbox 1054 2337 1210 2401; x_wconf 83' lang='lat' dir='ltr'>confertur</span> 
     </span>
     <span class='ocr_line' id='line_1_20' title="bbox 80 2441 1210 2527; baseline 0.003 -27"><span class='ocrx_word' id='word_1_154' title='bbox 80 2441 185 2506; x_wconf 83' lang='lat' dir='ltr'>ueritas</span> <span class='ocrx_word' id='word_1_155' title='bbox 216 2444 300 2508; x_wconf 85' lang='lat' dir='ltr'>uitae</span> <span class='ocrx_word' id='word_1_156' title='bbox 332 2449 364 2508; x_wconf 87' lang='lat' dir='ltr'>et</span> <span class='ocrx_word' id='word_1_157' title='bbox 394 2463 464 2527; x_wconf 90' lang='lat' dir='ltr'>spes</span> <span class='ocrx_word' id='word_1_158' title='bbox 496 2445 605 2508; x_wconf 87' lang='lat' dir='ltr'>salutis</span> <span class='ocrx_word' id='word_1_159' title='bbox 638 2449 791 2508; x_wconf 80' lang='lat' dir='ltr'>aeternae.</span> <span class='ocrx_word' id='word_1_160' title='bbox 846 2443 985 2524; x_wconf 90' lang='lat' dir='ltr'>denique·</span> <span class='ocrx_word' id='word_1_161' title='bbox 1013 2445 1210 2506; x_wconf 83' lang='lat' dir='ltr'>remoueatur</span> 
     </span>
     <span class='ocr_line' id='line_1_21' title="bbox 80 2546 1263 2630; baseline 0.003 -24"><span class='ocrx_word' id='word_1_162' title='bbox 80 2547 171 2610; x_wconf 83' lang='lat' dir='ltr'>sancti</span> <span class='ocrx_word' id='word_1_163' title='bbox 193 2548 320 2629; x_wconf 85' lang='lat' dir='ltr'>spiritus</span> <span class='ocrx_word' id='word_1_164' title='bbox 343 2549 498 2614; x_wconf 89' lang='lat' dir='ltr'>inuocatio</span> <span class='ocrx_word' id='word_1_165' title='bbox 522 2552 554 2612; x_wconf 90' lang='lat' dir='ltr'>et</span> <span class='ocrx_word' id='word_1_166' title='bbox 577 2549 748 2628; x_wconf 68' lang='lat' dir='ltr'>uideamus</span> <span class='ocrx_word' id='word_1_167' title='bbox 773 2548 799 2612; x_wconf 88' lang='lat' dir='ltr'>si</span> <span class='ocrx_word' id='word_1_168' title='bbox 823 2549 990 2630; x_wconf 90' lang='lat' dir='ltr'>quicquam</span> <span class='ocrx_word' id='word_1_169' title='bbox 1013 2565 1110 2628; x_wconf 81' lang='lat' dir='ltr'>aquae</span> <span class='ocrx_word' id='word_1_170' title='bbox 1126 2546 1210 2608; x_wconf 90' lang='lat' dir='ltr'>illius</span> <span class='ocrx_word' id='word_1_171' title='bbox 1237 2573 1263 2610; x_wconf 79' lang='lat'>20</span> 
     </span>
     <span class='ocr_line' id='line_1_22' title="bbox 80 2649 1211 2735; baseline 0.004 -28"><span class='ocrx_word' id='word_1_172' title='bbox 80 2649 141 2712; x_wconf 83' lang='lat' dir='ltr'>sola</span> <span class='ocrx_word' id='word_1_173' title='bbox 165 2653 311 2734; x_wconf 84' lang='lat' dir='ltr'>prodesse</span> <span class='ocrx_word' id='word_1_174' title='bbox 334 2653 434 2735; x_wconf 87' lang='lat' dir='ltr'>possit</span> <span class='ocrx_word' id='word_1_175' title='bbox 463 2653 585 2718; x_wconf 87' lang='lat' dir='ltr'>infusio.</span> <span class='ocrx_word' id='word_1_176' title='bbox 632 2657 775 2716; x_wconf 85' lang='lat' dir='ltr'>creatura</span> <span class='ocrx_word' id='word_1_177' title='bbox 805 2652 909 2733; x_wconf 85' lang='lat' dir='ltr'>itaque</span> <span class='ocrx_word' id='word_1_178' title='bbox 940 2655 997 2730; x_wconf 86' lang='lat' dir='ltr'>est,</span> <span class='ocrx_word' id='word_1_179' title='bbox 1021 2668 1099 2733; x_wconf 85' lang='lat' dir='ltr'>quae</span> <span class='ocrx_word' id='word_1_180' title='bbox 1123 2669 1211 2731; x_wconf 89' lang='lat' dir='ltr'>sepe·</span> 
     </span>
     <span class='ocr_line' id='line_1_23' title="bbox 80 2749 1211 2838; baseline 0.003 -25"><span class='ocrx_word' id='word_1_181' title='bbox 80 2749 166 2818; x_wconf 92' lang='lat' dir='ltr'>liendi</span> <span class='ocrx_word' id='word_1_182' title='bbox 188 2757 330 2821; x_wconf 87' lang='lat' dir='ltr'>imitatur</span> <span class='ocrx_word' id='word_1_183' title='bbox 353 2757 500 2836; x_wconf 82' lang='lat' dir='ltr'>osticium,</span> <span class='ocrx_word' id='word_1_184' title='bbox 524 2757 600 2820; x_wconf 89' lang='lat' dir='ltr'>deus</span> <span class='ocrx_word' id='word_1_185' title='bbox 625 2761 681 2833; x_wconf 88' lang='lat' dir='ltr'>est,</span> <span class='ocrx_word' id='word_1_186' title='bbox 706 2757 757 2838; x_wconf 89' lang='lat' dir='ltr'>qui</span> <span class='ocrx_word' id='word_1_187' title='bbox 781 2755 966 2820; x_wconf 87' lang='lat' dir='ltr'>beneficium</span> <span class='ocrx_word' id='word_1_188' title='bbox 990 2755 1100 2818; x_wconf 89' lang='lat' dir='ltr'>tribuit</span> <span class='ocrx_word' id='word_1_189' title='bbox 1122 2771 1211 2816; x_wconf 86' lang='lat' dir='ltr'>reno-</span> 
     </span>
     <span class='ocr_line' id='line_1_24' title="bbox 81 2859 1211 2945; baseline 0.004 -30"><span class='ocrx_word' id='word_1_190' title='bbox 81 2859 187 2924; x_wconf 87' lang='lat' dir='ltr'>sceudi.</span> <span class='ocrx_word' id='word_1_191' title='bbox 221 2879 317 2942; x_wconf 90' lang='lat' dir='ltr'>quem</span> <span class='ocrx_word' id='word_1_192' title='bbox 340 2879 413 2945; x_wconf 84' lang='lat' dir='ltr'>ergo</span> <span class='ocrx_word' id='word_1_193' title='bbox 436 2861 586 2945; x_wconf 90' lang='lat' dir='ltr'>perspicis</span> <span class='ocrx_word' id='word_1_194' title='bbox 610 2861 813 2943; x_wconf 87' lang='lat' dir='ltr'>reparationis</span> <span class='ocrx_word' id='word_1_195' title='bbox 829 2865 1000 2943; x_wconf 84' lang='lat' dir='ltr'>parentem,</span> <span class='ocrx_word' id='word_1_196' title='bbox 1024 2860 1126 2940; x_wconf 90' lang='lat' dir='ltr'>ipsum</span> <span class='ocrx_word' id='word_1_197' title='bbox 1143 2876 1211 2921; x_wconf 88' lang='lat' dir='ltr'>esse</span> 
     </span>
     <span class='ocr_line' id='line_1_25' title="bbox 80 2963 1212 3046; baseline -0.004 -18"><span class='ocrx_word' id='word_1_198' title='bbox 80 2977 223 3044; x_wconf 72' lang='lat' dir='ltr'>cognosce</span> <span class='ocrx_word' id='word_1_199' title='bbox 256 2971 289 3030; x_wconf 87' lang='lat' dir='ltr'>et</span> <span class='ocrx_word' id='word_1_200' title='bbox 319 2967 553 3030; x_wconf 87' lang='lat' dir='ltr'>resurrectionis</span> <span class='ocrx_word' id='word_1_201' title='bbox 584 2971 754 3030; x_wconf 87' lang='lat' dir='ltr'>auctorem.</span> <span class='ocrx_word' id='word_1_202' title='bbox 804 2965 841 3028; x_wconf 89' lang='lat' dir='ltr'>de</span> <span class='ocrx_word' id='word_1_203' title='bbox 871 2981 932 3046; x_wconf 90' lang='lat' dir='ltr'>quo</span> <span class='ocrx_word' id='word_1_204' title='bbox 962 2963 1150 3026; x_wconf 83' lang='lat' dir='ltr'>uaticinatur</span> <span class='ocrx_word' id='word_1_205' title='bbox 1180 2965 1212 3024; x_wconf 89' lang='lat' dir='ltr'>et</span> 
     </span>
     <span class='ocr_line' id='line_1_26' title="bbox 80 3065 1262 3154; baseline -0.002 -20"><span class='ocrx_word' id='word_1_206' title='bbox 80 3065 116 3128; x_wconf 75' lang='lat' dir='ltr'>ad</span> <span class='ocrx_word' id='word_1_207' title='bbox 138 3075 255 3150; x_wconf 85' lang='lat' dir='ltr'>patrem</span> <span class='ocrx_word' id='word_1_208' title='bbox 278 3070 431 3154; x_wconf 87' lang='lat' dir='ltr'>propheta</span> <span class='ocrx_word' id='word_1_209' title='bbox 453 3071 497 3134; x_wconf 87' lang='lat' dir='ltr'>sic</span> <span class='ocrx_word' id='word_1_210' title='bbox 519 3070 671 3152; x_wconf 89' lang='lat' dir='ltr'>loquitur:</span> <span class='ocrx_word' id='word_1_211' title='bbox 697 3071 826 3133; x_wconf 90' lang='lat' dir='ltr'>emitte</span> <span class='ocrx_word' id='word_1_212' title='bbox 849 3068 1025 3151; x_wconf 88' lang='lat' dir='ltr'>spiritum</span> <span class='ocrx_word' id='word_1_213' title='bbox 1049 3072 1153 3131; x_wconf 85' lang='lat' dir='ltr'>tuum</span> <span class='ocrx_word' id='word_1_214' title='bbox 1177 3071 1211 3130; x_wconf 82' lang='lat' dir='ltr'>el</span> <span class='ocrx_word' id='word_1_215' title='bbox 1237 3093 1262 3132; x_wconf 79' lang='lat'>25</span> 
     </span>
     <span class='ocr_line' id='line_1_27' title="bbox 80 3171 1213 3253; baseline 0.004 -22"><span class='ocrx_word' id='word_1_216' title='bbox 80 3172 300 3239; x_wconf 86' lang='lat' dir='ltr'>creabuntur</span> <span class='ocrx_word' id='word_1_217' title='bbox 335 3179 370 3240; x_wconf 89' lang='lat' dir='ltr'>et</span> <span class='ocrx_word' id='word_1_218' title='bbox 403 3175 604 3239; x_wconf 85' lang='lat' dir='ltr'>renouabis</span> <span class='ocrx_word' id='word_1_219' title='bbox 640 3174 773 3237; x_wconf 84' lang='lat' dir='ltr'>faciem</span> <span class='ocrx_word' id='word_1_220' title='bbox 808 3178 941 3236; x_wconf 89' lang='lat' dir='ltr'>terrae.</span> <span class='ocrx_word' id='word_1_221' title='bbox 1009 3171 1084 3253; x_wconf 90' lang='lat' dir='ltr'>quid</span> <span class='ocrx_word' id='word_1_222' title='bbox 1118 3171 1213 3236; x_wconf 88' lang='lat' dir='ltr'>distet</span> 
     </span>
     <span class='ocr_line' id='line_1_28' title="bbox 80 3274 1212 3362; baseline 0.002 -25"><span class='ocrx_word' id='word_1_223' title='bbox 80 3274 157 3341; x_wconf 83' lang='lat' dir='ltr'>iuter</span> <span class='ocrx_word' id='word_1_224' title='bbox 184 3298 283 3362; x_wconf 81' lang='lat' dir='ltr'>aquae</span> <span class='ocrx_word' id='word_1_225' title='bbox 314 3284 346 3344; x_wconf 88' lang='lat' dir='ltr'>et</span> <span class='ocrx_word' id='word_1_226' title='bbox 375 3281 504 3362; x_wconf 89' lang='lat' dir='ltr'>spiritus</span> <span class='ocrx_word' id='word_1_227' title='bbox 533 3280 633 3344; x_wconf 88' lang='lat' dir='ltr'>sancti</span> <span class='ocrx_word' id='word_1_228' title='bbox 663 3279 896 3359; x_wconf 82' lang='lat' dir='ltr'>operationem?</span> <span class='ocrx_word' id='word_1_229' title='bbox 930 3295 984 3360; x_wconf 93' lang='lat' dir='ltr'>per</span> <span class='ocrx_word' id='word_1_230' title='bbox 1016 3294 1129 3357; x_wconf 87' lang='lat' dir='ltr'>aquam</span> <span class='ocrx_word' id='word_1_231' title='bbox 1160 3275 1212 3338; x_wconf 88' lang='lat' dir='ltr'>de·</span> 
     </span>
     <span class='ocr_line' id='line_1_29' title="bbox 79 3377 1212 3466; baseline 0 -25"><span class='ocrx_word' id='word_1_232' title='bbox 79 3377 147 3444; x_wconf 91' lang='lat' dir='ltr'>duci</span> <span class='ocrx_word' id='word_1_233' title='bbox 174 3385 316 3448; x_wconf 89' lang='lat' dir='ltr'>uidemur</span> <span class='ocrx_word' id='word_1_234' title='bbox 347 3385 378 3448; x_wconf 96' lang='lat' dir='ltr'>iu</span> <span class='ocrx_word' id='word_1_235' title='bbox 409 3385 576 3462; x_wconf 86' lang='lat' dir='ltr'>tumulum,</span> <span class='ocrx_word' id='word_1_236' title='bbox 608 3403 662 3466; x_wconf 84' lang='lat' dir='ltr'>per</span> <span class='ocrx_word' id='word_1_237' title='bbox 693 3383 836 3464; x_wconf 87' lang='lat' dir='ltr'>spiritum</span> <span class='ocrx_word' id='word_1_238' title='bbox 868 3386 1012 3445; x_wconf 87' lang='lat' dir='ltr'>sanctum</span> <span class='ocrx_word' id='word_1_239' title='bbox 1036 3379 1212 3463; x_wconf 81' lang='lat' dir='ltr'>praeparari</span> 
     </span>
     <span class='ocr_line' id='line_1_30' title="bbox 78 3487 469 3572; baseline 0.01 -24"><span class='ocrx_word' id='word_1_240' title='bbox 78 3487 241 3565; x_wconf 87' lang='lat' dir='ltr'>probamur</span> <span class='ocrx_word' id='word_1_241' title='bbox 265 3489 304 3554; x_wconf 84' lang='lat' dir='ltr'>ad</span> <span class='ocrx_word' id='word_1_242' title='bbox 328 3507 469 3572; x_wconf 86' lang='lat' dir='ltr'>reguum.</span> 
     </span>
    </p>
   </div>
   <div class='ocr_carea' id='block_1_3' title="bbox 178 3632 992 3706">
    <p class='ocr_par' dir='ltr' id='par_1_3' title="bbox 178 3632 992 3706">
     <span class='ocr_line' id='line_1_31' title="bbox 178 3632 992 3706; baseline -0.007 -16"><span class='ocrx_word' id='word_1_243' title='bbox 178 3636 206 3706; x_wconf 84' lang='lat'>6]</span> <span class='ocrx_word' id='word_1_244' title='bbox 225 3637 302 3690; x_wconf 88' lang='lat' dir='ltr'>Rom.</span> <span class='ocrx_word' id='word_1_245' title='bbox 316 3637 341 3700; x_wconf 90' lang='grc'>6,</span> <span class='ocrx_word' id='word_1_246' title='bbox 354 3639 377 3692; x_wconf 89' lang='grc'>8.</span> <span class='ocrx_word' id='word_1_247' title='bbox 434 3635 477 3704; x_wconf 92' lang='grc'>11]</span> <span class='ocrx_word' id='word_1_248' title='bbox 497 3633 648 3697; x_wconf 73' lang='grc'><strong>1111113.</strong></span> <span class='ocrx_word' id='word_1_249' title='bbox 702 3633 748 3702; x_wconf 81' lang='grc'>25]</span> <span class='ocrx_word' id='word_1_250' title='bbox 767 3632 865 3686; x_wconf 81' lang='lat' dir='ltr'>Psalm.</span> <span class='ocrx_word' id='word_1_251' title='bbox 882 3635 939 3694; x_wconf 84' lang='lat'>103,</span> <span class='ocrx_word' id='word_1_252' title='bbox 953 3634 992 3685; x_wconf 66' lang='lat' dir='ltr'>llo.</span> 
     </span>
    </p>
   </div>
   <div class='ocr_carea' id='block_1_4' title="bbox 79 3759 1214 4018">
    <p class='ocr_par' dir='ltr' id='par_1_4' title="bbox 79 3759 1214 4018">
     <span class='ocr_line' id='line_1_32' title="bbox 122 3759 1214 3833; baseline -0.007 -11"><span class='ocrx_word' id='word_1_253' title='bbox 122 3767 133 3822; x_wconf 94' lang='lat' dir='ltr'>l</span> <span class='ocrx_word' id='word_1_254' title='bbox 155 3769 360 3822; x_wconf 79' lang='lat' dir='ltr'>commemorata</span> <span class='ocrx_word' id='word_1_255' title='bbox 377 3769 417 3820; x_wconf 85' lang='lat' dir='ltr'>est</span> <span class='ocrx_word' id='word_1_256' title='bbox 434 3785 450 3820; x_wconf 75' lang='lat' dir='ltr'>e</span> <span class='ocrx_word' id='word_1_257' title='bbox 519 3769 536 3820; x_wconf 83' lang='lat'><strong>4</strong></span> <span class='ocrx_word' id='word_1_258' title='bbox 555 3765 628 3833; x_wconf 84' lang='lat' dir='ltr'>eum]</span> <span class='ocrx_word' id='word_1_259' title='bbox 647 3763 717 3818; x_wconf 86' lang='lat' dir='ltr'>euim</span> <span class='ocrx_word' id='word_1_260' title='bbox 735 3783 751 3818; x_wconf 81' lang='lat' dir='ltr'>u</span> <span class='ocrx_word' id='word_1_261' title='bbox 822 3767 838 3817; x_wconf 85' lang='lat'>8</span> <span class='ocrx_word' id='word_1_262' title='bbox 856 3763 987 3832; x_wconf 83' lang='lat' dir='ltr'>possimus</span> <span class='ocrx_word' id='word_1_263' title='bbox 1005 3780 1022 3815; x_wconf 88' lang='lat' dir='ltr'>o</span> <span class='ocrx_word' id='word_1_264' title='bbox 1092 3759 1133 3812; x_wconf 89' lang='lat' dir='ltr'>uel</span> <span class='ocrx_word' id='word_1_265' title='bbox 1152 3765 1214 3814; x_wconf 81' lang='lat' dir='ltr'>cate</span> 
     </span>
     <span class='ocr_line' id='line_1_33' title="bbox 79 3847 1214 3922; baseline -0.007 -16"><span class='ocrx_word' id='word_1_266' title='bbox 79 3853 144 3906; x_wconf 84' lang='lat' dir='ltr'>mori</span> <span class='ocrx_word' id='word_1_267' title='bbox 163 3873 242 3912; x_wconf 75' lang='lat' dir='ltr'>omo</span> <span class='ocrx_word' id='word_1_268' title='bbox 294 3853 604 3922; x_wconf 78' lang='lat' dir='ltr'>9summergimurP1t</span> <span class='ocrx_word' id='word_1_269' title='bbox 657 3855 689 3906; x_wconf 92' lang='lat'>10</span> <span class='ocrx_word' id='word_1_270' title='bbox 706 3851 913 3904; x_wconf 82' lang='lat' dir='ltr'>immitamurP</span> <span class='ocrx_word' id='word_1_271' title='bbox 966 3851 995 3904; x_wconf 93' lang='lat' dir='ltr'>ll</span> <span class='ocrx_word' id='word_1_272' title='bbox 1016 3849 1088 3902; x_wconf 80' lang='lat' dir='ltr'>sito</span> <span class='ocrx_word' id='word_1_273' title='bbox 1139 3847 1214 3914; x_wconf 78' lang='lat' dir='ltr'>igno·</span> 
     </span>
     <span class='ocr_line' id='line_1_34' title="bbox 79 3932 1214 4018; baseline -0.007 -24"><span class='ocrx_word' id='word_1_274' title='bbox 79 3959 153 3998; x_wconf 77' lang='lat' dir='ltr'>mu</span> <span class='ocrx_word' id='word_1_275' title='bbox 221 3943 284 4012; x_wconf 80' lang='lat' dir='ltr'>quic</span> <span class='ocrx_word' id='word_1_276' title='bbox 305 3944 337 3996; x_wconf 78' lang='lat' dir='ltr'>io</span> <span class='ocrx_word' id='word_1_277' title='bbox 358 3959 442 4011; x_wconf 78' lang='lat' dir='ltr'>mcrp.</span> <span class='ocrx_word' id='word_1_278' title='bbox 462 3941 525 3996; x_wconf 83' lang='lat' dir='ltr'>add.</span> <span class='ocrx_word' id='word_1_279' title='bbox 545 3941 580 4008; x_wconf 85' lang='lat' dir='ltr'>R,</span> <span class='ocrx_word' id='word_1_280' title='bbox 602 3957 653 3994; x_wconf 85' lang='lat' dir='ltr'>om.</span> <span class='ocrx_word' id='word_1_281' title='bbox 672 3939 700 3992; x_wconf 88' lang='lat' dir='ltr'><strong><em>P</em></strong></span> <span class='ocrx_word' id='word_1_282' title='bbox 772 3941 803 3993; x_wconf 87' lang='lat'>13</span> <span class='ocrx_word' id='word_1_283' title='bbox 821 3937 940 4005; x_wconf 84' lang='lat' dir='ltr'>Christo]</span> <span class='ocrx_word' id='word_1_284' title='bbox 964 3935 1010 3988; x_wconf 95' lang='lat' dir='ltr'>illo</span> <span class='ocrx_word' id='word_1_285' title='bbox 1033 3953 1049 3988; x_wconf 83' lang='lat' dir='ltr'>o</span> <span class='ocrx_word' id='word_1_286' title='bbox 1112 3936 1152 4018; x_wconf 72' lang='grc' dir='ltr'>Ι11</span> <span class='ocrx_word' id='word_1_287' title='bbox 1170 3932 1214 3986; x_wconf 92' lang='lat' dir='ltr'>ille</span> 
     </span>
    </p>
   </div>
   <div class='ocr_carea' id='block_1_5' title="bbox 77 4013 1218 4210">
    <p class='ocr_par' dir='ltr' id='par_1_5' title="bbox 77 4013 1218 4210">
     <span class='ocr_line' id='line_1_35' title="bbox 77 4013 1218 4126; baseline -0.008 -20"><span class='ocrx_word' id='word_1_288' title='bbox 77 4055 146 4110; x_wconf 80' lang='lat' dir='ltr'>euim</span> <span class='ocrx_word' id='word_1_289' title='bbox 159 4057 187 4112; x_wconf 87' lang='lat' dir='ltr'><em>R</em></span> <span class='ocrx_word' id='word_1_290' title='bbox 238 4053 426 4126; x_wconf 84' lang='lat' dir='ltr'>sepulchroR‚</span> <span class='ocrx_word' id='word_1_291' title='bbox 439 4053 578 4124; x_wconf 87' lang='lat' dir='ltr'>sepulerho</span> <span class='ocrx_word' id='word_1_292' title='bbox 591 4054 619 4108; x_wconf 90' lang='lat' dir='ltr'><strong><em>P</em></strong></span> <span class='ocrx_word' id='word_1_293' title='bbox 672 4055 703 4108; x_wconf 85' lang='grc'>15</span> <span class='ocrx_word' id='word_1_294' title='bbox 722 4051 791 4104; x_wconf 89' lang='lat' dir='ltr'>iuter</span> <span class='ocrx_word' id='word_1_295' title='bbox 809 4069 825 4104; x_wconf 80' lang='lat' dir='ltr'>c</span> <span class='ocrx_word' id='word_1_296' title='bbox 842 4052 926 4104; x_wconf 80' lang='lat' dir='ltr'>allero</span> <span class='ocrx_word' id='word_1_297' title='bbox 939 4050 997 4104; x_wconf 88' lang='lat' dir='ltr'>loeo</span> <span class='ocrx_word' id='word_1_298' title='bbox 1051 4049 1083 4103; x_wconf 85' lang='grc'><strong>16</strong></span> <span class='ocrx_word' id='word_1_299' title='bbox 1096 4013 1177 4100; x_wconf 81' lang='lat' dir='ltr'>sbuus</span> <span class='ocrx_word' id='word_1_300' title='bbox 1191 4047 1218 4099; x_wconf 87' lang='lat' dir='ltr'><em>P</em></span> 
     </span>
     <span class='ocr_line' id='line_1_36' title="bbox 79 4133 1217 4210; baseline -0.009 -16"><span class='ocrx_word' id='word_1_301' title='bbox 79 4145 266 4198; x_wconf 66' lang='lat' dir='ltr'>summersione</span> <span class='ocrx_word' id='word_1_302' title='bbox 285 4145 313 4198; x_wconf 86' lang='lat' dir='ltr'><em>P</em></span> <span class='ocrx_word' id='word_1_303' title='bbox 374 4145 405 4198; x_wconf 84' lang='lat'>17</span> <span class='ocrx_word' id='word_1_304' title='bbox 425 4142 585 4210; x_wconf 79' lang='lat' dir='ltr'>emergimus</span> <span class='ocrx_word' id='word_1_305' title='bbox 604 4159 619 4194; x_wconf 85' lang='grc'>1·</span> <span class='ocrx_word' id='word_1_306' title='bbox 681 4141 714 4194; x_wconf 83' lang='grc'>20</span> <span class='ocrx_word' id='word_1_307' title='bbox 733 4137 842 4208; x_wconf 85' lang='lat' dir='ltr'>spiritus</span> <span class='ocrx_word' id='word_1_308' title='bbox 862 4137 944 4190; x_wconf 81' lang='lat' dir='ltr'>sancti</span> <span class='ocrx_word' id='word_1_309' title='bbox 967 4155 980 4190; x_wconf 86' lang='grc'>1·</span> <span class='ocrx_word' id='word_1_310' title='bbox 1036 4133 1217 4189; x_wconf 67' lang='lat' dir='ltr'>acominatus</span> 
     </span>
    </p>
   </div>
   <div class='ocr_carea' id='block_1_6' title="bbox 80 4219 1216 4326">
    <p class='ocr_par' dir='ltr' id='par_1_6' title="bbox 80 4219 1216 4326">
     <span class='ocr_line' id='line_1_37' title="bbox 80 4219 1216 4326; baseline -0.006 -17"><span class='ocrx_word' id='word_1_311' title='bbox 80 4255 110 4324; x_wconf 89' lang='lat' dir='ltr'>P,</span> <span class='ocrx_word' id='word_1_312' title='bbox 129 4259 274 4326; x_wconf 69' lang='lat' dir='ltr'>praesuta</span> <span class='ocrx_word' id='word_1_313' title='bbox 327 4258 361 4311; x_wconf 74' lang='lat'>24</span> <span class='ocrx_word' id='word_1_314' title='bbox 380 4271 520 4324; x_wconf 73' lang='lat' dir='ltr'>agnoscet·</span> <span class='ocrx_word' id='word_1_315' title='bbox 573 4219 773 4319; x_wconf 61' lang='lat' dir='ltr'>adsumme</span> <span class='ocrx_word' id='word_1_316' title='bbox 792 4269 863 4306; x_wconf 85' lang='grc'><strong>1111111.</strong></span> <span class='ocrx_word' id='word_1_317' title='bbox 878 4251 936 4316; x_wconf 79' lang='lat' dir='ltr'>alr.)</span> <span class='ocrx_word' id='word_1_318' title='bbox 989 4251 1023 4303; x_wconf 84' lang='lat'>25</span> <span class='ocrx_word' id='word_1_319' title='bbox 1041 4255 1117 4300; x_wconf 87' lang='lat' dir='ltr'>tuum</span> <span class='ocrx_word' id='word_1_320' title='bbox 1137 4263 1216 4303; x_wconf 66' lang='lat' dir='ltr'>omo</span> 
     </span>
    </p>
   </div>
   <div class='ocr_carea' id='block_1_7' title="bbox 78 4339 1062 4480">
    <p class='ocr_par' dir='ltr' id='par_1_7' title="bbox 78 4339 1062 4480">
     <span class='ocr_line' id='line_1_38' title="bbox 78 4339 701 4413; baseline -0.008 -15"><span class='ocrx_word' id='word_1_321' title='bbox 78 4345 111 4398; x_wconf 74' lang='lat'>26</span> <span class='ocrx_word' id='word_1_322' title='bbox 129 4344 246 4398; x_wconf 69' lang='lat' dir='ltr'>diamtc</span> <span class='ocrx_word' id='word_1_323' title='bbox 305 4345 340 4398; x_wconf 81' lang='lat'>29</span> <span class='ocrx_word' id='word_1_324' title='bbox 358 4342 513 4413; x_wconf 83' lang='lat' dir='ltr'>probamur]</span> <span class='ocrx_word' id='word_1_325' title='bbox 532 4341 656 4394; x_wconf 89' lang='lat' dir='ltr'>uidemur</span> <span class='ocrx_word' id='word_1_326' title='bbox 674 4339 701 4394; x_wconf 93' lang='lat' dir='ltr'><strong><em>P</em></strong></span> 
     </span>
     <span class='ocr_line' id='line_1_39' title="bbox 128 4425 1062 4480; baseline -0.007 0"><span class='ocrx_word' id='word_1_327' title='bbox 128 4438 183 4480; x_wconf 84' lang='lat' dir='ltr'>m</span> <span class='ocrx_word' id='word_1_328' title='bbox 199 4438 270 4480; x_wconf 73' lang='grc'><strong>1711111.</strong></span> <span class='ocrx_word' id='word_1_329' title='bbox 1030 4425 1062 4474; x_wconf 83' lang='grc'><strong>10</strong></span> 
     </span>
    </p>
   </div>
   <div class='ocr_carea' id='block_1_8' title="bbox 0 0 1451 4928">
    <p class='ocr_par' dir='ltr' id='par_1_8' title="bbox 0 0 1451 4928">
     <span class='ocr_line' id='line_1_40' title="bbox 0 0 1451 4928; baseline 0 0"><span class='ocrx_word' id='word_1_330' title='bbox 0 0 1451 4928; x_wconf 95' lang='lat' dir='ltr'> </span> 
     </span>
    </p>
   </div>
  </div>
 </body>
</html>
