2944 4936
243 408 308 472 432
746 409 873 463 Ruricii

243 587 396 666 oportuna
426 583 605 668 porrigeret.
650 585 732 650 unde
759 603 814 668 per
836 585 994 650 hominem
1018 583 1073 649 filii
1096 585 1158 650 mei
1182 585 1307 650 Leontii
1333 584 1389 648 has

243 687 283 751 ad
312 688 522 771 apostolatum
555 692 698 754 uestrum
731 689 816 770 dedi,
851 688 962 771 quibus
997 689 1201 772 sospitatione
1234 689 1389 772 praelata,

243 810 338 874 quam
369 811 405 856 ex
435 793 592 858 sententia
622 793 678 858 deo
709 793 836 858 fauente
866 793 1013 875 ualeatis,
1048 793 1184 876 inquiro,
1219 793 1293 876 quia
1328 793 1388 877 ipsi

243 897 342 960 nostis
366 897 612 962 incolumitatem
638 901 778 962 uestram
802 901 942 962 nostram
966 916 1034 962 esse
1057 897 1219 978 laetitiam,
1242 916 1388 980 speram,

218 1004 278 1064 sut
307 1001 456 1066 redeunte
486 1001 625 1084 praefato
656 1020 712 1066 nos
742 1001 878 1067 reddatis
909 1002 946 1066 de
969 1002 1082 1066 uestris
1106 1001 1227 1066 actibus
1250 1001 1388 1085 propitia

243 1105 408 1170 diuinitate
431 1124 566 1187 secema,
590 1125 667 1188 quos
691 1106 802 1172 uidetis
827 1125 895 1170 esse
914 1105 980 1191 (de)
994 1107 1200 1190 prosperitate
1223 1106 1388 1171 sollicitos.

793 1333 828 1398 L.

454 1494 600 1536 numerus
623 1493 789 1556 asianorus
813 1495 995 1536 GERAUNIAE
1018 1495 1171 1538 SALUTEM.

286 1629 333 1693 De
357 1629 576 1711 sincerissime,
601 1647 663 1712 qua
685 1647 742 1694 nos
764 1647 820 1714 pro
842 1629 1038 1713 benignitate
1058 1629 1152 1694 animi
1168 1629 1222 1709 tui,
1246 1645 1314 1693 non
1333 1648 1391 1712 pro

193 1757 216 1793 ιο
243 1734 357 1797 nostris
381 1734 500 1814 meritis
523 1733 659 1817 dignaris
683 1733 822 1799 excolere
846 1735 877 1798 in
901 1733 1038 1815 domino,
1069 1733 1198 1798 caritate
1220 1731 1390 1798 confidens

243 1855 370 1900 securus
400 1838 457 1902 has
488 1837 526 1902 ad
553 1839 786 1903 uenerationem
813 1841 901 1910 tuam
924 1838 1031 1918 direxi,
1063 1836 1175 1920 quihus
1199 1837 1229 1901 in
1253 1837 1391 1903 domino

242 1959 278 2004 ac
308 1941 365 2006 deo
396 1946 501 2007 nostro
530 1942 664 2008 salutem
686 1941 816 2008 uberem
839 1943 945 2007 dicens
970 1942 1144 2026 specialiter
1166 1958 1250 2026 rogo,
1273 1945 1314 2006 ut
1341 1963 1391 2022 ea,

241 2065 319 2128 quae
350 2066 405 2130 per
429 2065 555 2111 seruum
578 2051 720 2112 uestrum
744 2046 925 2112 Amandum
949 2047 1045 2112 uerbo
1068 2047 1200 2129 speraui,
1230 2047 1257 2110 si
1279 2049 1392 2128 possi-

242 2149 303 2214 bile
334 2154 391 2231 est,
423 2150 513 2216 nobis
537 2151 604 2216 sine
628 2152 777 2218 dilatione
800 2155 958 2236 praestare
988 2151 1170 2236 dignemini,
1200 2151 1272 2233 quia
1303 2151 1390 2216 haer

192 2277 214 2316 a
241 2274 290 2319 res
322 2259 353 2319 et
383 2274 439 2321 nos
470 2257 610 2321 releuare
640 2260 745 2339 potest
779 2261 811 2322 et
840 2255 929 2322 uobis
962 2257 1085 2320 nullum
1118 2258 1221 2337 potest
1258 2254 1391 2320 adferre

242 2359 449 2443 dispendium,
471 2361 553 2443 quod
573 2378 630 2444 ego
645 2379 701 2444 pro
717 2359 868 2425 beneficio
884 2360 1020 2425 marimo
1036 2357 1219 2443 conputabo.
1254 2360 1390 2441 iterum,

242 2463 274 2527 in
305 2481 364 2546 quo
395 2465 547 2529 iusseritis
571 2465 621 2529 uel
645 2472 720 2530 usus
744 2465 889 2549 exegerit,
912 2465 1012 2530 uicem
1035 2463 1201 2547 reciprocis
1224 2461 1391 2546 obsequiis

241 2585 407 2650 repensare
430 2569 627 2634 contendam.

784 2690 834 2754 LI.

187 2851 213 2888 20
376 2851 522 2894 nummus
545 2851 714 2894 EPISGOPUB
738 2851 890 2893 CENSORIO
913 2849 1064 2892 EPlSOOPO
1087 2850 1241 2892 saturnu.

282 2987 418 3050 Litteras
452 2986 629 3052 sanctitatis
664 2989 787 3052 uestrae
822 2987 880 3052 etsi
913 3005 968 3069 per
998 2985 1193 3050 occasionem
1223 2987 1389 3068 accepisse

239 3109 289 3153 me
313 3091 461 3174 gratulor.
508 3108 570 3155 non
594 3091 677 3154 enim
699 3090 839 3170 interest,
867 3094 973 3154 utrum
997 3108 1033 3153 ex
1057 3089 1242 3154 necessitato
1266 3093 1323 3154 aut
1349 3111 1387 3154 er
1468 3125 1469 3156 1

239 3195 411 3274 uoluntate,
443 3193 611 3258 dummodo
638 3195 720 3259 inter
748 3213 781 3259 se
809 3194 955 3275 inuicem,
985 3194 1038 3275 qui
1068 3213 1101 3258 se
1132 3193 1275 3277 diligunt,
1306 3213 1387 3260 con·

239 3298 406 3380 loquantur
438 3302 478 3378 et,
513 3317 590 3381 quos
624 3315 751 3382 corpore
781 3299 919 3363 locorum
954 3297 1120 3362 interualla
1153 3297 1386 3376 discriminant,

187 3425 212 3465 a
240 3402 416 3466 animorum
447 3420 483 3466 ac
514 3421 663 3470 sensuum
695 3403 858 3484 conloquia
888 3400 949 3465 fida
980 3402 1183 3485 coniungant,
1218 3402 1289 3484 qnia
1322 3402 1385 3468 hoc
1468 3435 1469 3486 ,

239 3505 328 3572 uobis
359 3507 505 3590 generale
535 3507 587 3570 uel
619 3506 791 3570 marimum
819 3506 920 3570 uirtus
944 3505 1068 3570 diuinae
1090 3505 1213 3588 pietatis
1237 3506 1383 3587 indulsit,
1468 3487 1469 3564 l

238 3613 283 3691 ut,
314 3610 367 3692 qui
397 3627 454 3675 nos
485 3613 614 3692 aspectu
645 3610 762 3674 carnali
789 3627 851 3674 non
873 3626 1042 3691 possumus
1065 3609 1215 3689 contueri,
1246 3609 1383 3692 spiritali
1468 3601 1469 3620 ¹

238 3731 402 3778 cernamus
426 3713 546 3778 obtutu.
593 3714 675 3778 unde
698 3713 846 3796 redeunte
869 3713 977 3796 gerulo
1000 3713 1176 3778 litterarum
1197 3713 1266 3793 has,
1296 3714 1382 3778 sieut

199 3939 202 3948 ·
283 3920 464 3989 lporrigerat
481 3921 541 3986 Ka,
560 3919 708 3988 porregerit
726 3921 756 3988 S,
775 3918 954 3989 porrexeritc
1015 3918 1141 3974 leontiS
1200 3919 1383 3988 2praolatS
1468 3915 1469 3926 ¹

159 4035 161 4040 ·
236 4007 385 4063 lnostiS
435 4005 687 4062 incolomitatemS
738 4005 805 4061 ode
824 3994 924 4074 eddo,
942 4007 1031 4062 oms
1083 4005 1220 4062 Briil‘oS
1270 4021 1380 4061 meran·

237 4093 325 4163 nipS
374 4093 513 4161 tte-quas
566 4095 595 4148 11
616 4091 650 4145 ed
669 4092 867 4148 uenerationem
885 4109 908 4159 o,
927 4091 1157 4147 educationemS
1210 4095 1241 4148 13
1259 4095 1380 4162 speraui]

237 4179 387 4246 significaui
405 4181 475 4236 coni.
494 4197 518 4242 e,
541 4179 656 4232 reserant
674 4181 859 4235 Mommsemcs
932 4181 964 4234 16
986 4177 1112 4234 benefitio
1129 4196 1162 4234 ee
1180 4177 1338 4234 benefitium
1360 4183 1382 4236 S

238 4265 353 4318 maximo
371 4283 385 4320 e
402 4284 468 4322 corr.
485 4267 519 4321 8¹
585 4267 615 4320 17
635 4266 790 4334 exigeritS
839 4267 874 4321 20
892 4265 1056 4322 cerraurioS
1114 4265 1275 4320 rodininse
1293 4267 1380 4322 Luer-
1468 4317 1469 4320 ,

234 4353 350 4420 johanan
368 4351 425 4406 diui
440 4353 444 4419 Ι
460 4357 517 4406 acte
536 4353 566 4422 S,
585 4351 631 4406 diu
649 4351 767 4407 iactare
