2886 4928
228 425 288 490 164
661 425 711 478 lll.
732 424 881 494 Epistula
901 427 923 479 l.

224 619 294 664 cum
327 600 456 664 minime
480 619 592 684 negare
616 601 783 684 possimus,
816 601 896 683 quod
920 601 1059 664 mandati
1081 601 1358 683 praeuaricatorem

223 706 254 768 iu
285 704 388 768 iudicii
419 705 467 768 sui
498 705 725 769 examinatione
753 705 925 769 damnabit.
971 705 1022 787 qni
1045 705 1128 768 euim
1151 722 1213 768 non
1237 708 1286 768 est
1308 703 1359 768 ob·

223 809 330 874 noxius
362 809 399 872 de
429 813 585 892 suscepto,
617 810 722 874 nescio
746 810 898 891 quomodo
922 829 994 873 reus
1018 809 1118 892 possit
1141 827 1208 873 esse
1232 809 1269 873 de
1293 828 1359 892 per-

223 914 294 978 dito.
345 932 380 978 ac
413 914 456 977 sic
486 917 652 996 peccantes
684 915 716 978 in
747 913 854 994 deum,
888 914 975 977 cuius
1006 914 1037 978 iu
1068 913 1176 998 primis
1207 912 1358 977 incautius

184 1045 196 1084 a
223 1017 417 1082 adseruimus
447 1018 596 1102 gratiam,
628 1019 659 1081 iu
691 1018 855 1101 postremis
886 1018 953 1082 cius
985 1017 1159 1082 uidebimur
1189 1017 1358 1102 inpugnare

222 1121 385 1185 iustitiam.

265 1226 367 1290 Huius
384 1229 488 1290 autem
505 1225 656 1309 epistulae
681 1226 838 1310 exemplar
861 1245 985 1290 mecum
1008 1231 1133 1291 reteueo
1156 1226 1188 1290 iu
1204 1230 1358 1290 conuentu

223 1335 402 1395 sanctorum
421 1317 616 1411 antestitem,
633 1331 659 1395 si
675 1332 718 1394 ita
734 1349 861 1395 necesse
877 1331 979 1413 luerit,
1002 1331 1230 1414 proferendum.
1267 1349 1357 1414 quam

223 1435 250 1498 si
285 1435 515 1518 suscipiendam
552 1437 710 1520 putauerit
743 1435 921 1500 fraternitas
956 1441 1025 1517 tua,
1062 1439 1117 1500 aut
1150 1435 1358 1519 subscriptam

173 1567 197 1606 ro
225 1557 320 1603 mauu
349 1540 473 1623 propria
504 1559 574 1604 mox
604 1540 745 1604 remittat
775 1545 829 1604 aut
860 1539 1062 1623 sequentibus
1090 1541 1211 1624 scriptis
1234 1540 1358 1605 omuino

224 1663 258 1708 sc
288 1643 470 1726 inprobasse
498 1645 693 1727 respoudeat.
739 1645 847 1726 quodsi
878 1664 946 1709 eam
978 1645 1196 1728 subscriptam,
1226 1649 1261 1708 ut
1291 1645 1358 1722 dini,

225 1750 437 1813 transmittere
461 1749 608 1829 nolueris
632 1751 739 1832 aperte
762 1749 863 1813 adhuc
886 1753 916 1813 te
940 1750 972 1814 iu
996 1767 1097 1814 errore
1114 1749 1279 1833 persistere
1295 1749 1359 1832 ipso

223 1853 346 1918 silentio
377 1853 582 1936 conprobabis
613 1871 648 1916 ac
678 1853 806 1936 proinde
836 1855 898 1918 iarn
925 1850 1144 1942 necessitatem
1167 1853 1244 1917 mihi
1266 1855 1358 1918 iacies

223 1959 260 2023 ad
284 1977 450 2041 personam
477 1963 564 2023 tuam
588 1958 718 2042 publicis
741 1958 947 2023 conuentibus
971 1959 1192 2042 exponendam.
1239 1961 1270 2022 et
1292 1959 1358 2022 ideo

171 2087 196 2125 rs
223 2063 394 2126 secundum
426 2063 513 2143 haec,
544 2081 622 2145 quae
646 2081 665 2126 a
688 2082 737 2126 me
769 2067 842 2127 suut
870 2063 995 2144 directa,
1018 2063 1164 2144 rescribe,
1195 2066 1300 2126 utrum
1325 2081 1358 2127 ea

223 2167 350 2232 remotis
378 2165 611 2230 circuitionibus
635 2171 690 2230 aut
713 2185 862 2251 agnoscas
887 2171 940 2232 aut
962 2185 1100 2250 respuas.

266 2270 442 2352 [Auxanius
466 2271 498 2334 in
522 2269 638 2336 Christi
661 2271 787 2335 nomine
811 2272 974 2354 episcopus
1002 2271 1098 2354 relegi
1122 2275 1153 2334 et

266 2375 400 2439 Faustus
425 2375 582 2457 exemplar
605 2375 755 2458 epistulae
780 2393 868 2440 meae
891 2375 986 2459 relegi
1011 2377 1042 2438 et

266 2478 383 2543 Paulus
407 2479 570 2562 episcopus
595 2479 628 2542 iu
651 2477 767 2543 Christi
791 2480 916 2543 nomine
939 2479 1036 2561 relegi
1060 2483 1092 2542 et

265 2583 432 2666 Eutropius
456 2584 487 2647 in
511 2584 636 2646 nomine
662 2581 777 2648 Christi
801 2584 963 2668 episcopus

263 2686 462 2770 Pragmatius
485 2687 516 2750 in
541 2686 657 2751 Christi
681 2687 770 2771 signo
794 2687 957 2771 episcopus

263 2791 389 2856 Patiens
413 2791 448 2855 in
468 2789 591 2855 Christo
616 2792 778 2874 episcopus

263 2895 429 2960 llufronius
452 2895 549 2979 relegi
573 2899 604 2959 et
627 2894 799 2960 admiratus
823 2914 892 2959 sum
916 2895 1140 2978 plenitudinem
1167 2901 1310 2961 sanctam

262 2999 441 3083 Megethius
465 3000 626 3082 episcopus
650 3000 746 3083 relegi
770 3004 800 3063 et

180 3155 185 3167 .
263 3102 409 3168 Claudius
432 3103 464 3167 iu
488 3105 612 3168 nomine
636 3103 752 3168 Christi
776 3105 938 3187 episcopus
957 3093 1056 3188 ¹relegi
1080 3109 1109 3170 et

265 3207 438 3272 Leucadius
462 3208 493 3271 iu
518 3209 642 3272 nomino
667 3207 782 3273 Christi
807 3209 968 3292 episcopus
991 3210 1087 3293 relegi
1111 3215 1142 3274 et

263 3417 279 3470 2
302 3380 512 3470 examinatio”P
532 3416 576 3482 (ne
599 3433 669 3470 mou.
687 3416 747 3483 ult.)
817 3417 833 3471 3
857 3431 916 3470 reus
938 3433 989 3472 om.
1007 3417 1041 3470 H
1108 3415 1140 3470 de
1162 3433 1301 3488 suprascr.
1321 3419 1356 3472 P²

220 3517 275 3555 esse
298 3501 382 3571 possit
404 3503 545 3557 Burouu'us
615 3503 632 3556 4
655 3501 677 3554 si
703 3503 726 3558 S
792 3502 925 3556 incautius
947 3521 998 3558 om.
1021 3520 1037 3557 o
1112 3507 1127 3558 5
1150 3504 1314 3558 asseruimus
1336 3505 1358 3558 P

220 3588 398 3658 postrimisS
451 3587 639 3644 uidiuimurS
690 3589 836 3658 iretcueo]
851 3589 901 3645 PS
951 3588 1156 3660 9subsoriptam
1169 3609 1193 3658 u,
1211 3590 1356 3661 subscripta

221 3675 253 3742 P,
273 3675 453 3744 susscriptaS
506 3677 536 3731 ll
557 3675 578 3728 si
597 3675 686 3731 om.S
738 3678 769 3731 12
788 3675 969 3730 remittereH
1020 3679 1051 3732 14
1069 3675 1233 3746 publiceeS
1287 3682 1317 3736 15
1330 3683 1356 3732 ut

220 3763 275 3818 HS
284 3763 437 3818 Kruscbiua
493 3765 524 3818 16
543 3761 659 3830 remo{,tis
680 3763 786 3829 δύεται
805 3779 818 3816 r
834 3764 865 3817 iu
884 3765 950 3831 rus.)
998 3770 1062 3834 post
1080 3779 1188 3833 respuas
1201 3766 1356 3834 gumeurucr's

217 3849 376 3904 inclusimus
398 3849 480 3904 uerbo
502 3851 533 3903 iu
556 3849 583 3903 P
597 3851 654 3904 solo
673 3857 788 3918 exstaret,
810 3851 841 3904 iu
865 3851 887 3906 S
908 3867 972 3906 uoce
994 3865 1102 3919 respuas
1123 3869 1186 3922 pap.
1200 3856 1236 3905 48
1255 3854 1356 3922 fiuitrrr,

217 3953 284 4006 puae
305 3943 454 4006 sequuntur
472 3953 535 4006 pap.
555 3939 590 3988 49
612 3937 805 4005 (fragmentum
824 3937 934 4008 prologi
957 3938 1180 4004 Burcdoua'uiuui)
1203 3956 1266 3994 cum
1287 3947 1356 3994 uuic-

216 4023 368 4078 codcuir'bus
389 4041 445 4078 mom
472 4025 624 4090 cohaeream
649 4023 696 4077 sed
715 4041 780 4094 pop.
798 4027 851 4078 328
868 4031 932 4094 post
954 4025 1097 4094 epistulam
1120 4025 1222 4081 lblieis
1246 4027 1286 4080 ad
1306 4027 1356 4080 De·

216 4109 345 4164 siderium
368 4111 522 4178 episcopum
549 4108 742 4164 Cudurcmmcm
770 4111 816 4179 (cf.
844 4109 980 4178 canuam,
1003 4113 1058 4166 leci.
1080 4117 1135 4165 cut.
1158 4111 1188 4178 V,
1206 4115 1271 4180 551)
1297 4115 1358 4166 bueo

217 4203 335 4250 exciam:
357 4195 421 4248 item
445 4195 497 4248 ulia
520 4211 599 4248 manu
623 4193 727 4249 feristus
752 4197 844 4266 exemp
863 4197 976 4268 epistole
996 4213 1068 4250 ureae
1091 4197 1208 4266 religi&
1228 4197 1356 4266 subscripi,

216 4299 284 4351 quac
305 4283 342 4338 od
363 4283 507 4352 epistulam
526 4283 627 4336 Fausti
645 4283 724 4338 modo
746 4302 764 4337 u
781 4285 860 4339 uobis
878 4287 1033 4340 rccmusitum
1049 4286 1195 4354 pertimui,
1218 4303 1281 4342 crum
1304 4287 1356 4356 epi·

216 4369 289 4421 stulu
306 4369 408 4423 Inooidi
425 4371 615 4438 subsequutum
632 4370 723 4424 eudem
740 4373 823 4425 acerba
841 4373 920 4426 babel
938 4373 977 4439 H,
994 4390 1045 4426 om.
1058 4373 1086 4427 P
1137 4373 1170 4426 al
1190 4374 1316 4442 megitius
1334 4373 1359 4426 P
