<?xml version="1.0" encoding="UTF-8"?>
<!DOCTYPE html PUBLIC "-//W3C//DTD XHTML 1.0 Transitional//EN"
    "http://www.w3.org/TR/xhtml1/DTD/xhtml1-transitional.dtd">
<html xmlns="http://www.w3.org/1999/xhtml" xml:lang="en" lang="en">
 <head>
  <title>
</title>
<meta http-equiv="Content-Type" content="text/html;charset=utf-8" />
  <meta name='ocr-system' content='tesseract 3.04.00' />
  <meta name='ocr-capabilities' content='ocr_page ocr_carea ocr_par ocr_line ocrx_word'/>
</head>
<body>
  <div class='ocr_page' id='page_1' title='image "./praetersermones00fausgoog/praetersermones00fausgoog_0135.png"; bbox 0 0 2920 4930; ppageno 0'>
   <div class='ocr_carea' id='block_1_1' title="bbox 511 417 1204 484">
    <p class='ocr_par' dir='ltr' id='par_1_1' title="bbox 511 417 1204 484">
     <span class='ocr_line' id='line_1_1' title="bbox 511 417 1204 484; baseline 0.019 -13"><span class='ocrx_word' id='word_1_1' title='bbox 511 417 608 472; x_wconf 86' lang='lat' dir='ltr'>Liber</span> <span class='ocrx_word' id='word_1_2' title='bbox 625 419 640 472; x_wconf 95' lang='lat' dir='ltr'>I</span> <span class='ocrx_word' id='word_1_3' title='bbox 659 421 767 475; x_wconf 78' lang='lat'>13-14.</span> <span class='ocrx_word' id='word_1_4' title='bbox 1163 422 1204 484; x_wconf 78' lang='grc'>47</span> 
     </span>
    </p>
   </div>
   <div class='ocr_carea' id='block_1_2' title="bbox 74 589 1257 3606">
    <p class='ocr_par' dir='ltr' id='par_1_2' title="bbox 74 589 1257 3606">
     <span class='ocr_line' id='line_1_2' title="bbox 86 589 1205 677; baseline 0.004 -23"><span class='ocrx_word' id='word_1_5' title='bbox 86 589 163 670; x_wconf 83' lang='lat' dir='ltr'>phala</span> <span class='ocrx_word' id='word_1_6' title='bbox 183 592 278 657; x_wconf 91' lang='lat' dir='ltr'>dicat:</span> <span class='ocrx_word' id='word_1_7' title='bbox 303 593 458 658; x_wconf 80' lang='lat' dir='ltr'>exibunt</span> <span class='ocrx_word' id='word_1_8' title='bbox 480 611 596 677; x_wconf 90' lang='lat' dir='ltr'>aquae</span> <span class='ocrx_word' id='word_1_9' title='bbox 619 595 727 658; x_wconf 86' lang='lat' dir='ltr'>uiuae</span> <span class='ocrx_word' id='word_1_10' title='bbox 750 595 793 658; x_wconf 93' lang='lat' dir='ltr'>dc</span> <span class='ocrx_word' id='word_1_11' title='bbox 815 595 1068 675; x_wconf 79' lang='lat' dir='ltr'>Hierusalem,</span> <span class='ocrx_word' id='word_1_12' title='bbox 1091 597 1122 658; x_wconf 92' lang='lat' dir='ltr'>in</span> <span class='ocrx_word' id='word_1_13' title='bbox 1139 596 1205 677; x_wconf 89' lang='lat' dir='ltr'>qui-</span> 
     </span>
     <span class='ocr_line' id='line_1_3' title="bbox 85 691 1206 783; baseline 0.005 -26"><span class='ocrx_word' id='word_1_14' title='bbox 85 691 130 758; x_wconf 89' lang='lat' dir='ltr'>bus</span> <span class='ocrx_word' id='word_1_15' title='bbox 144 697 241 760; x_wconf 80' lang='lat' dir='ltr'>ululis</span> <span class='ocrx_word' id='word_1_16' title='bbox 261 696 363 762; x_wconf 90' lang='lat' dir='ltr'>undae</span> <span class='ocrx_word' id='word_1_17' title='bbox 380 701 577 762; x_wconf 88' lang='lat' dir='ltr'>sacramenta</span> <span class='ocrx_word' id='word_1_18' title='bbox 592 699 745 783; x_wconf 84' lang='lat' dir='ltr'>designat,</span> <span class='ocrx_word' id='word_1_19' title='bbox 770 699 924 781; x_wconf 93' lang='lat' dir='ltr'>quomodo</span> <span class='ocrx_word' id='word_1_20' title='bbox 948 699 1013 762; x_wconf 91' lang='lat' dir='ltr'>fieri</span> <span class='ocrx_word' id='word_1_21' title='bbox 1035 702 1147 781; x_wconf 86' lang='lat' dir='ltr'>potest,</span> <span class='ocrx_word' id='word_1_22' title='bbox 1170 703 1206 763; x_wconf 92' lang='lat' dir='ltr'>ut</span> 
     </span>
     <span class='ocr_line' id='line_1_4' title="bbox 83 797 1205 868; baseline 0.004 -7"><span class='ocrx_word' id='word_1_23' title='bbox 83 797 228 865; x_wconf 89' lang='lat' dir='ltr'>innonatus</span> <span class='ocrx_word' id='word_1_24' title='bbox 257 801 351 868; x_wconf 92' lang='lat' dir='ltr'>homo</span> <span class='ocrx_word' id='word_1_25' title='bbox 374 803 510 866; x_wconf 89' lang='lat' dir='ltr'>deletam</span> <span class='ocrx_word' id='word_1_26' title='bbox 533 803 647 866; x_wconf 90' lang='lat' dir='ltr'>ueteris</span> <span class='ocrx_word' id='word_1_27' title='bbox 670 803 805 867; x_wconf 90' lang='lat' dir='ltr'>hominis</span> <span class='ocrx_word' id='word_1_28' title='bbox 829 804 1003 868; x_wconf 87' lang='lat' dir='ltr'>cautionem</span> <span class='ocrx_word' id='word_1_29' title='bbox 1027 822 1134 868; x_wconf 89' lang='lat' dir='ltr'>secum</span> <span class='ocrx_word' id='word_1_30' title='bbox 1156 823 1205 866; x_wconf 92' lang='lat' dir='ltr'>re-</span> 
     </span>
     <span class='ocr_line' id='line_1_5' title="bbox 81 903 1204 989; baseline 0.007 -25"><span class='ocrx_word' id='word_1_31' title='bbox 81 903 186 969; x_wconf 82' lang='lat' dir='ltr'>tineat?</span> <span class='ocrx_word' id='word_1_32' title='bbox 223 907 374 988; x_wconf 91' lang='lat' dir='ltr'>quomodo</span> <span class='ocrx_word' id='word_1_33' title='bbox 401 906 469 971; x_wconf 89' lang='lat' dir='ltr'>fieri</span> <span class='ocrx_word' id='word_1_34' title='bbox 496 910 610 989; x_wconf 88' lang='lat' dir='ltr'>potest,</span> <span class='ocrx_word' id='word_1_35' title='bbox 633 911 669 971; x_wconf 92' lang='lat' dir='ltr'>ut</span> <span class='ocrx_word' id='word_1_36' title='bbox 691 926 762 972; x_wconf 88' lang='lat' dir='ltr'>eum</span> <span class='ocrx_word' id='word_1_37' title='bbox 786 907 889 972; x_wconf 89' lang='lat' dir='ltr'>debito</span> <span class='ocrx_word' id='word_1_38' title='bbox 910 907 999 973; x_wconf 85' lang='lat' dir='ltr'>Adae</span> <span class='ocrx_word' id='word_1_39' title='bbox 1026 907 1059 972; x_wconf 93' lang='lat' dir='ltr'>in</span> <span class='ocrx_word' id='word_1_40' title='bbox 1083 907 1204 972; x_wconf 80' lang='lat' dir='ltr'>Christo</span> 
     </span>
     <span class='ocr_line' id='line_1_6' title="bbox 80 1006 1257 1096; baseline 0.005 -25"><span class='ocrx_word' id='word_1_41' title='bbox 80 1006 224 1076; x_wconf 82' lang='lat' dir='ltr'>absolutus</span> <span class='ocrx_word' id='word_1_42' title='bbox 247 1014 414 1096; x_wconf 77' lang='lat' dir='ltr'><strong>resurgat?</strong></span> <span class='ocrx_word' id='word_1_43' title='bbox 453 1012 605 1094; x_wconf 93' lang='lat' dir='ltr'>quomodo</span> <span class='ocrx_word' id='word_1_44' title='bbox 628 1011 694 1076; x_wconf 90' lang='lat' dir='ltr'>fieri</span> <span class='ocrx_word' id='word_1_45' title='bbox 723 1015 836 1095; x_wconf 88' lang='lat' dir='ltr'>potest,</span> <span class='ocrx_word' id='word_1_46' title='bbox 867 1017 903 1078; x_wconf 92' lang='lat' dir='ltr'>ut</span> <span class='ocrx_word' id='word_1_47' title='bbox 934 1012 971 1076; x_wconf 89' lang='lat' dir='ltr'>de</span> <span class='ocrx_word' id='word_1_48' title='bbox 1001 1013 1081 1077; x_wconf 92' lang='lat' dir='ltr'>sacri</span> <span class='ocrx_word' id='word_1_49' title='bbox 1110 1013 1204 1077; x_wconf 84' lang='lat' dir='ltr'>fontis</span> <span class='ocrx_word' id='word_1_50' title='bbox 1244 1039 1257 1077; x_wconf 82' lang='lat' dir='ltr'>s</span> 
     </span>
     <span class='ocr_line' id='line_1_7' title="bbox 79 1111 1204 1200; baseline 0.007 -26"><span class='ocrx_word' id='word_1_51' title='bbox 79 1111 185 1197; x_wconf 85' lang='lat' dir='ltr'>inriguo</span> <span class='ocrx_word' id='word_1_52' title='bbox 207 1134 280 1180; x_wconf 90' lang='lat' dir='ltr'>oum</span> <span class='ocrx_word' id='word_1_53' title='bbox 303 1117 448 1200; x_wconf 90' lang='lat' dir='ltr'>adoptino</span> <span class='ocrx_word' id='word_1_54' title='bbox 478 1117 527 1182; x_wconf 89' lang='lat' dir='ltr'>dei</span> <span class='ocrx_word' id='word_1_55' title='bbox 555 1117 656 1182; x_wconf 91' lang='lat' dir='ltr'>adhuc</span> <span class='ocrx_word' id='word_1_56' title='bbox 683 1121 817 1182; x_wconf 88' lang='lat' dir='ltr'>mortem</span> <span class='ocrx_word' id='word_1_57' title='bbox 847 1117 912 1182; x_wconf 90' lang='lat' dir='ltr'>uita</span> <span class='ocrx_word' id='word_1_58' title='bbox 940 1118 1102 1200; x_wconf 78' lang='lat' dir='ltr'>parturiat,</span> <span class='ocrx_word' id='word_1_59' title='bbox 1132 1137 1204 1182; x_wconf 92' lang='lat' dir='ltr'>cum</span> 
     </span>
     <span class='ocr_line' id='line_1_8' title="bbox 79 1215 1203 1305; baseline 0.006 -26"><span class='ocrx_word' id='word_1_60' title='bbox 79 1215 148 1282; x_wconf 90' lang='lat' dir='ltr'>dicat</span> <span class='ocrx_word' id='word_1_61' title='bbox 176 1221 352 1304; x_wconf 87' lang='lat' dir='ltr'>apostolus:</span> <span class='ocrx_word' id='word_1_62' title='bbox 387 1222 608 1305; x_wconf 92' lang='lat' dir='ltr'>quicumque</span> <span class='ocrx_word' id='word_1_63' title='bbox 637 1223 674 1286; x_wconf 92' lang='lat' dir='ltr'>in</span> <span class='ocrx_word' id='word_1_64' title='bbox 706 1222 853 1287; x_wconf 81' lang='lat' dir='ltr'>(lhristo</span> <span class='ocrx_word' id='word_1_65' title='bbox 882 1220 1065 1305; x_wconf 84' lang='lat' dir='ltr'>baptizati</span> <span class='ocrx_word' id='word_1_66' title='bbox 1096 1223 1203 1302; x_wconf 87' lang='lat' dir='ltr'>estis,</span> 
     </span>
     <span class='ocr_line' id='line_1_9' title="bbox 80 1317 1204 1410; baseline 0.006 -27"><span class='ocrx_word' id='word_1_67' title='bbox 80 1317 251 1388; x_wconf 79' lang='lat' dir='ltr'>Christum</span> <span class='ocrx_word' id='word_1_68' title='bbox 275 1325 480 1391; x_wconf 82' lang='lat' dir='ltr'>induistis?</span> <span class='ocrx_word' id='word_1_69' title='bbox 518 1345 611 1409; x_wconf 90' lang='lat' dir='ltr'>quern</span> <span class='ocrx_word' id='word_1_70' title='bbox 627 1326 733 1408; x_wconf 87' lang='lat' dir='ltr'>utique</span> <span class='ocrx_word' id='word_1_71' title='bbox 749 1327 853 1390; x_wconf 93' lang='lat' dir='ltr'>nullus</span> <span class='ocrx_word' id='word_1_72' title='bbox 870 1325 998 1391; x_wconf 90' lang='lat' dir='ltr'>induere</span> <span class='ocrx_word' id='word_1_73' title='bbox 1013 1329 1127 1410; x_wconf 90' lang='lat' dir='ltr'>potest,</span> <span class='ocrx_word' id='word_1_74' title='bbox 1144 1327 1204 1390; x_wconf 89' lang='lat' dir='ltr'>nisi</span> 
     </span>
     <span class='ocr_line' id='line_1_10' title="bbox 79 1423 1204 1515; baseline 0.007 -28"><span class='ocrx_word' id='word_1_75' title='bbox 79 1423 247 1493; x_wconf 89' lang='lat' dir='ltr'>indumenta</span> <span class='ocrx_word' id='word_1_76' title='bbox 267 1431 386 1513; x_wconf 87' lang='lat' dir='ltr'>primae</span> <span class='ocrx_word' id='word_1_77' title='bbox 409 1431 579 1495; x_wconf 92' lang='lat' dir='ltr'>natiuitatis</span> <span class='ocrx_word' id='word_1_78' title='bbox 603 1431 730 1495; x_wconf 84' lang='lat' dir='ltr'>exuerit.</span> <span class='ocrx_word' id='word_1_79' title='bbox 763 1431 813 1495; x_wconf 92' lang='lat' dir='ltr'>cui</span> <span class='ocrx_word' id='word_1_80' title='bbox 835 1433 941 1496; x_wconf 88' lang='lat' dir='ltr'>autem</span> <span class='ocrx_word' id='word_1_81' title='bbox 956 1431 996 1495; x_wconf 91' lang='lat' dir='ltr'>ad</span> <span class='ocrx_word' id='word_1_82' title='bbox 1012 1429 1204 1515; x_wconf 90' lang='lat' dir='ltr'>baptismum</span> 
     </span>
     <span class='ocr_line' id='line_1_11' title="bbox 78 1533 1257 1626; baseline 0.008 -35"><span class='ocrx_word' id='word_1_83' title='bbox 78 1536 173 1610; x_wconf 90' lang='lat' dir='ltr'>sponte</span> <span class='ocrx_word' id='word_1_84' title='bbox 195 1535 335 1599; x_wconf 86' lang='lat' dir='ltr'>uenienti</span> <span class='ocrx_word' id='word_1_85' title='bbox 358 1533 549 1620; x_wconf 90' lang='lat' dir='ltr'>baptismum</span> <span class='ocrx_word' id='word_1_86' title='bbox 573 1553 635 1600; x_wconf 94' lang='lat' dir='ltr'>non</span> <span class='ocrx_word' id='word_1_87' title='bbox 657 1533 813 1620; x_wconf 84' lang='lat' dir='ltr'>profuisse</span> <span class='ocrx_word' id='word_1_88' title='bbox 833 1535 947 1620; x_wconf 90' lang='lat' dir='ltr'>potoris</span> <span class='ocrx_word' id='word_1_89' title='bbox 971 1535 1108 1626; x_wconf 90' lang='lat' dir='ltr'>edocere,</span> <span class='ocrx_word' id='word_1_90' title='bbox 1131 1555 1203 1600; x_wconf 94' lang='lat' dir='ltr'>oum</span> <span class='ocrx_word' id='word_1_91' title='bbox 1232 1561 1257 1601; x_wconf 79' lang='grc' dir='ltr'>ιο</span> 
     </span>
     <span class='ocr_line' id='line_1_12' title="bbox 78 1635 1204 1724; baseline 0.005 -27"><span class='ocrx_word' id='word_1_92' title='bbox 78 1635 159 1700; x_wconf 88' lang='lat' dir='ltr'>etiam</span> <span class='ocrx_word' id='word_1_93' title='bbox 179 1638 334 1703; x_wconf 85' lang='lat' dir='ltr'>haeretico</span> <span class='ocrx_word' id='word_1_94' title='bbox 356 1639 388 1704; x_wconf 93' lang='lat' dir='ltr'>in</span> <span class='ocrx_word' id='word_1_95' title='bbox 411 1640 560 1704; x_wconf 84' lang='lat' dir='ltr'>trinitatis</span> <span class='ocrx_word' id='word_1_96' title='bbox 583 1635 709 1705; x_wconf 89' lang='lat' dir='ltr'>nomino</span> <span class='ocrx_word' id='word_1_97' title='bbox 732 1643 913 1724; x_wconf 88' lang='lat' dir='ltr'>regenerato</span> <span class='ocrx_word' id='word_1_98' title='bbox 936 1643 1060 1704; x_wconf 88' lang='lat' dir='ltr'>tantum</span> <span class='ocrx_word' id='word_1_99' title='bbox 1087 1660 1143 1722; x_wconf 89' lang='lat' dir='ltr'>por</span> <span class='ocrx_word' id='word_1_100' title='bbox 1171 1659 1204 1703; x_wconf 92' lang='lat' dir='ltr'>se</span> 
     </span>
     <span class='ocr_line' id='line_1_13' title="bbox 78 1739 1204 1828; baseline 0.007 -27"><span class='ocrx_word' id='word_1_101' title='bbox 78 1739 162 1804; x_wconf 90' lang='lat' dir='ltr'>uirtus</span> <span class='ocrx_word' id='word_1_102' title='bbox 184 1742 252 1824; x_wconf 91' lang='lat' dir='ltr'>ipsa</span> <span class='ocrx_word' id='word_1_103' title='bbox 268 1743 410 1827; x_wconf 82' lang='lat' dir='ltr'>mysterii</span> <span class='ocrx_word' id='word_1_104' title='bbox 425 1745 574 1826; x_wconf 83' lang='lat' dir='ltr'>conserat,</span> <span class='ocrx_word' id='word_1_105' title='bbox 599 1747 642 1826; x_wconf 93' lang='lat' dir='ltr'>ut,</span> <span class='ocrx_word' id='word_1_106' title='bbox 666 1745 692 1810; x_wconf 90' lang='lat' dir='ltr'>si</span> <span class='ocrx_word' id='word_1_107' title='bbox 707 1745 907 1828; x_wconf 93' lang='lat' dir='ltr'>postmodum</span> <span class='ocrx_word' id='word_1_108' title='bbox 923 1743 962 1809; x_wconf 91' lang='lat' dir='ltr'>ad</span> <span class='ocrx_word' id='word_1_109' title='bbox 979 1743 1095 1810; x_wconf 85' lang='lat' dir='ltr'>Christi</span> <span class='ocrx_word' id='word_1_110' title='bbox 1109 1744 1204 1809; x_wconf 88' lang='lat' dir='ltr'>fidem</span> 
     </span>
     <span class='ocr_line' id='line_1_14' title="bbox 76 1845 1203 1934; baseline 0.005 -28"><span class='ocrx_word' id='word_1_111' title='bbox 76 1845 215 1927; x_wconf 88' lang='lat' dir='ltr'>transeat,</span> <span class='ocrx_word' id='word_1_112' title='bbox 246 1845 445 1931; x_wconf 91' lang='lat' dir='ltr'>baptismatis</span> <span class='ocrx_word' id='word_1_113' title='bbox 476 1849 638 1914; x_wconf 85' lang='lat' dir='ltr'>iteratione</span> <span class='ocrx_word' id='word_1_114' title='bbox 669 1868 731 1914; x_wconf 94' lang='lat' dir='ltr'>non</span> <span class='ocrx_word' id='word_1_115' title='bbox 762 1853 868 1934; x_wconf 85' lang='lat' dir='ltr'>egeat,</span> <span class='ocrx_word' id='word_1_116' title='bbox 898 1849 953 1914; x_wconf 93' lang='lat' dir='ltr'>sed</span> <span class='ocrx_word' id='word_1_117' title='bbox 982 1849 1027 1913; x_wconf 91' lang='lat' dir='ltr'>ita</span> <span class='ocrx_word' id='word_1_118' title='bbox 1056 1851 1203 1931; x_wconf 86' lang='lat' dir='ltr'>operante</span> 
     </span>
     <span class='ocr_line' id='line_1_15' title="bbox 76 1949 1204 2036; baseline 0.005 -25"><span class='ocrx_word' id='word_1_119' title='bbox 76 1949 163 2028; x_wconf 65' lang='lat' dir='ltr'>mutia</span> <span class='ocrx_word' id='word_1_120' title='bbox 184 1950 311 2016; x_wconf 88' lang='lat' dir='ltr'>ablutus</span> <span class='ocrx_word' id='word_1_121' title='bbox 333 1953 494 2036; x_wconf 88' lang='lat' dir='ltr'>indicetur,</span> <span class='ocrx_word' id='word_1_122' title='bbox 517 1957 553 2018; x_wconf 91' lang='lat' dir='ltr'>ut</span> <span class='ocrx_word' id='word_1_123' title='bbox 574 1957 699 2019; x_wconf 90' lang='lat' dir='ltr'>tantum</span> <span class='ocrx_word' id='word_1_124' title='bbox 718 1954 933 2019; x_wconf 87' lang='lat' dir='ltr'>benedictione</span> <span class='ocrx_word' id='word_1_125' title='bbox 956 1953 1133 2018; x_wconf 89' lang='lat' dir='ltr'>chrismatis</span> <span class='ocrx_word' id='word_1_126' title='bbox 1156 1953 1204 2017; x_wconf 93' lang='lat' dir='ltr'>in-</span> 
     </span>
     <span class='ocr_line' id='line_1_16' title="bbox 76 2049 1255 2142; baseline 0.005 -27"><span class='ocrx_word' id='word_1_127' title='bbox 76 2049 195 2118; x_wconf 81' lang='lat' dir='ltr'>duatur?</span> <span class='ocrx_word' id='word_1_128' title='bbox 214 2055 298 2120; x_wconf 90' lang='lat' dir='ltr'>hunc</span> <span class='ocrx_word' id='word_1_129' title='bbox 315 2075 388 2122; x_wconf 87' lang='lat' dir='ltr'>uero</span> <span class='ocrx_word' id='word_1_130' title='bbox 403 2059 612 2141; x_wconf 88' lang='lat' dir='ltr'>persuasionis</span> <span class='ocrx_word' id='word_1_131' title='bbox 630 2061 702 2123; x_wconf 90' lang='lat' dir='ltr'>tuac</span> <span class='ocrx_word' id='word_1_132' title='bbox 723 2057 890 2142; x_wconf 88' lang='lat' dir='ltr'>reprobum</span> <span class='ocrx_word' id='word_1_133' title='bbox 906 2077 1034 2122; x_wconf 91' lang='lat' dir='ltr'>sensum</span> <span class='ocrx_word' id='word_1_134' title='bbox 1051 2057 1203 2123; x_wconf 89' lang='lat' dir='ltr'>catholica</span> <span class='ocrx_word' id='word_1_135' title='bbox 1231 2083 1255 2138; x_wconf 77' lang='lat' dir='ltr'>q</span> 
     </span>
     <span class='ocr_line' id='line_1_17' title="bbox 76 2153 1203 2247; baseline 0.007 -29"><span class='ocrx_word' id='word_1_136' title='bbox 76 2153 235 2224; x_wconf 83' lang='lat' dir='ltr'>detestatur</span> <span class='ocrx_word' id='word_1_137' title='bbox 258 2162 397 2226; x_wconf 89' lang='lat' dir='ltr'>ecclesia.</span> <span class='ocrx_word' id='word_1_138' title='bbox 436 2162 514 2244; x_wconf 89' lang='lat' dir='ltr'>ideo,</span> <span class='ocrx_word' id='word_1_139' title='bbox 537 2163 650 2246; x_wconf 89' lang='lat' dir='ltr'>inquis,</span> <span class='ocrx_word' id='word_1_140' title='bbox 674 2163 804 2247; x_wconf 87' lang='lat' dir='ltr'>genitali</span> <span class='ocrx_word' id='word_1_141' title='bbox 828 2163 1001 2245; x_wconf 88' lang='lat' dir='ltr'>quamlibet</span> <span class='ocrx_word' id='word_1_142' title='bbox 1028 2163 1111 2226; x_wconf 88' lang='lat' dir='ltr'>unda</span> <span class='ocrx_word' id='word_1_143' title='bbox 1132 2181 1203 2245; x_wconf 91' lang='lat' dir='ltr'>pcr-</span> 
     </span>
     <span class='ocr_line' id='line_1_18' title="bbox 75 2259 1204 2352; baseline 0.007 -30"><span class='ocrx_word' id='word_1_144' title='bbox 75 2259 126 2324; x_wconf 85' lang='lat' dir='ltr'>usi</span> <span class='ocrx_word' id='word_1_145' title='bbox 148 2283 260 2329; x_wconf 89' lang='lat' dir='ltr'>munus</span> <span class='ocrx_word' id='word_1_146' title='bbox 283 2263 433 2348; x_wconf 85' lang='lat' dir='ltr'>baptismi</span> <span class='ocrx_word' id='word_1_147' title='bbox 456 2285 517 2332; x_wconf 94' lang='lat' dir='ltr'>non</span> <span class='ocrx_word' id='word_1_148' title='bbox 541 2267 706 2352; x_wconf 91' lang='lat' dir='ltr'>accipiunt,</span> <span class='ocrx_word' id='word_1_149' title='bbox 730 2268 802 2350; x_wconf 90' lang='lat' dir='ltr'>quia</span> <span class='ocrx_word' id='word_1_150' title='bbox 824 2268 864 2332; x_wconf 90' lang='lat' dir='ltr'>ad</span> <span class='ocrx_word' id='word_1_151' title='bbox 877 2265 1071 2351; x_wconf 87' lang='lat' dir='ltr'>baptismum</span> <span class='ocrx_word' id='word_1_152' title='bbox 1094 2267 1204 2331; x_wconf 88' lang='lat' dir='ltr'>infide-</span> 
     </span>
     <span class='ocr_line' id='line_1_19' title="bbox 74 2361 1203 2455; baseline 0.007 -28"><span class='ocrx_word' id='word_1_153' title='bbox 74 2361 134 2429; x_wconf 84' lang='lat' dir='ltr'>liter</span> <span class='ocrx_word' id='word_1_154' title='bbox 153 2369 291 2434; x_wconf 91' lang='lat' dir='ltr'>ueniunt.</span> <span class='ocrx_word' id='word_1_155' title='bbox 328 2388 390 2435; x_wconf 95' lang='lat' dir='ltr'>non</span> <span class='ocrx_word' id='word_1_156' title='bbox 410 2372 453 2436; x_wconf 88' lang='lat' dir='ltr'>ita</span> <span class='ocrx_word' id='word_1_157' title='bbox 473 2375 530 2436; x_wconf 88' lang='lat' dir='ltr'>est.</span> <span class='ocrx_word' id='word_1_158' title='bbox 562 2372 700 2453; x_wconf 88' lang='lat' dir='ltr'>aduerte,</span> <span class='ocrx_word' id='word_1_159' title='bbox 724 2371 874 2454; x_wconf 89' lang='lat' dir='ltr'>quiahoc</span> <span class='ocrx_word' id='word_1_160' title='bbox 896 2372 998 2454; x_wconf 92' lang='lat' dir='ltr'>ipsum</span> <span class='ocrx_word' id='word_1_161' title='bbox 1023 2371 1061 2435; x_wconf 91' lang='lat' dir='ltr'>ad</span> <span class='ocrx_word' id='word_1_162' title='bbox 1083 2371 1203 2455; x_wconf 86' lang='lat' dir='ltr'>baptis·</span> 
     </span>
     <span class='ocr_line' id='line_1_20' title="bbox 75 2474 1201 2558; baseline 0.006 -25"><span class='ocrx_word' id='word_1_163' title='bbox 75 2485 151 2536; x_wconf 91' lang='lat' dir='ltr'>mum</span> <span class='ocrx_word' id='word_1_164' title='bbox 172 2474 279 2539; x_wconf 85' lang='lat' dir='ltr'>uenire</span> <span class='ocrx_word' id='word_1_165' title='bbox 303 2477 334 2539; x_wconf 89' lang='lat' dir='ltr'>et</span> <span class='ocrx_word' id='word_1_166' title='bbox 357 2475 492 2540; x_wconf 88' lang='lat' dir='ltr'>salutem</span> <span class='ocrx_word' id='word_1_167' title='bbox 519 2475 694 2541; x_wconf 87' lang='lat' dir='ltr'>desiderare</span> <span class='ocrx_word' id='word_1_168' title='bbox 720 2477 783 2541; x_wconf 91' lang='lat' dir='ltr'>iam</span> <span class='ocrx_word' id='word_1_169' title='bbox 811 2475 884 2540; x_wconf 87' lang='lat' dir='ltr'>fidoi</span> <span class='ocrx_word' id='word_1_170' title='bbox 912 2479 968 2540; x_wconf 88' lang='lat' dir='ltr'>est.</span> <span class='ocrx_word' id='word_1_171' title='bbox 1006 2475 1201 2558; x_wconf 87' lang='lat' dir='ltr'>quicumque,</span> 
     </span>
     <span class='ocr_line' id='line_1_21' title="bbox 74 2571 1255 2665; baseline 0.006 -27"><span class='ocrx_word' id='word_1_172' title='bbox 74 2571 174 2658; x_wconf 88' lang='lat' dir='ltr'>inquis,</span> <span class='ocrx_word' id='word_1_173' title='bbox 205 2582 278 2662; x_wconf 87' lang='lat' dir='ltr'>post</span> <span class='ocrx_word' id='word_1_174' title='bbox 307 2575 499 2662; x_wconf 85' lang='lat' dir='ltr'>baptismum</span> <span class='ocrx_word' id='word_1_175' title='bbox 529 2584 671 2664; x_wconf 91' lang='lat' dir='ltr'>pereunt,</span> <span class='ocrx_word' id='word_1_176' title='bbox 703 2581 736 2645; x_wconf 94' lang='lat' dir='ltr'>in</span> <span class='ocrx_word' id='word_1_177' title='bbox 762 2579 866 2645; x_wconf 85' lang='lat' dir='ltr'>Adam</span> <span class='ocrx_word' id='word_1_178' title='bbox 896 2583 1038 2665; x_wconf 86' lang='lat' dir='ltr'>pereunt,</span> <span class='ocrx_word' id='word_1_179' title='bbox 1069 2581 1141 2663; x_wconf 90' lang='lat' dir='ltr'>quia</span> <span class='ocrx_word' id='word_1_180' title='bbox 1170 2581 1202 2645; x_wconf 94' lang='lat' dir='ltr'>in</span> <span class='ocrx_word' id='word_1_181' title='bbox 1228 2607 1255 2646; x_wconf 77' lang='lat' dir='ltr'>ao</span> 
     </span>
     <span class='ocr_line' id='line_1_22' title="bbox 74 2673 1204 2768; baseline 0.008 -29"><span class='ocrx_word' id='word_1_182' title='bbox 74 2673 217 2761; x_wconf 84' lang='lat' dir='ltr'>baptismo</span> <span class='ocrx_word' id='word_1_183' title='bbox 241 2701 305 2748; x_wconf 93' lang='lat' dir='ltr'>non</span> <span class='ocrx_word' id='word_1_184' title='bbox 327 2684 532 2750; x_wconf 89' lang='lat' dir='ltr'>crediderunt.</span> <span class='ocrx_word' id='word_1_185' title='bbox 563 2685 677 2750; x_wconf 87' lang='lat' dir='ltr'>rectius</span> <span class='ocrx_word' id='word_1_186' title='bbox 701 2685 817 2750; x_wconf 87' lang='lat' dir='ltr'>diceres</span> <span class='ocrx_word' id='word_1_187' title='bbox 840 2685 908 2750; x_wconf 91' lang='lat' dir='ltr'>ideo</span> <span class='ocrx_word' id='word_1_188' title='bbox 932 2703 984 2750; x_wconf 89' lang='lat' dir='ltr'>eos</span> <span class='ocrx_word' id='word_1_189' title='bbox 999 2684 1118 2768; x_wconf 90' lang='lat' dir='ltr'>parisso</span> <span class='ocrx_word' id='word_1_190' title='bbox 1132 2687 1204 2767; x_wconf 93' lang='lat' dir='ltr'>post</span> 
     </span>
     <span class='ocr_line' id='line_1_23' title="bbox 75 2777 1202 2874; baseline 0.005 -27"><span class='ocrx_word' id='word_1_191' title='bbox 75 2777 264 2870; x_wconf 82' lang='lat' dir='ltr'>baptismum,</span> <span class='ocrx_word' id='word_1_192' title='bbox 288 2789 360 2870; x_wconf 89' lang='lat' dir='ltr'>quia</span> <span class='ocrx_word' id='word_1_193' title='bbox 383 2789 421 2854; x_wconf 92' lang='lat' dir='ltr'>ad</span> <span class='ocrx_word' id='word_1_194' title='bbox 448 2790 566 2874; x_wconf 86' lang='lat' dir='ltr'>gratiae</span> <span class='ocrx_word' id='word_1_195' title='bbox 593 2791 710 2854; x_wconf 92' lang='lat' dir='ltr'>donum</span> <span class='ocrx_word' id='word_1_196' title='bbox 737 2789 865 2874; x_wconf 86' lang='lat' dir='ltr'>iungere</span> <span class='ocrx_word' id='word_1_197' title='bbox 896 2790 1062 2855; x_wconf 88' lang='lat' dir='ltr'>noluemnt</span> <span class='ocrx_word' id='word_1_198' title='bbox 1088 2788 1202 2854; x_wconf 89' lang='lat' dir='ltr'>laboris</span> 
     </span>
     <span class='ocr_line' id='line_1_24' title="bbox 75 2887 1203 2980; baseline 0.009 -32"><span class='ocrx_word' id='word_1_199' title='bbox 75 2887 208 2974; x_wconf 87' lang='lat' dir='ltr'>cilicium,</span> <span class='ocrx_word' id='word_1_200' title='bbox 236 2893 312 2976; x_wconf 91' lang='lat' dir='ltr'>quia</span> <span class='ocrx_word' id='word_1_201' title='bbox 339 2912 390 2958; x_wconf 88' lang='lat' dir='ltr'>eos</span> <span class='ocrx_word' id='word_1_202' title='bbox 414 2895 645 2960; x_wconf 83' lang='lat' dir='ltr'>consuetudinis</span> <span class='ocrx_word' id='word_1_203' title='bbox 669 2895 868 2980; x_wconf 84' lang='lat' dir='ltr'>neglegentia</span> <span class='ocrx_word' id='word_1_204' title='bbox 896 2895 1057 2977; x_wconf 64' lang='lat' dir='ltr'>cordaque</span> <span class='ocrx_word' id='word_1_205' title='bbox 1085 2894 1203 2958; x_wconf 90' lang='lat' dir='ltr'>desidia</span> 
     </span>
     <span class='ocr_line' id='line_1_25' title="bbox 75 2996 1201 3081; baseline 0.001 -20"><span class='ocrx_word' id='word_1_206' title='bbox 75 2996 266 3079; x_wconf 70' lang='lat' dir='ltr'>tuigilantia</span> <span class='ocrx_word' id='word_1_207' title='bbox 287 3000 388 3081; x_wconf 87' lang='lat' dir='ltr'>operis</span> <span class='ocrx_word' id='word_1_208' title='bbox 412 3003 444 3064; x_wconf 92' lang='lat' dir='ltr'>et</span> <span class='ocrx_word' id='word_1_209' title='bbox 466 3017 485 3064; x_wconf 90' lang='lat' dir='ltr'>a</span> <span class='ocrx_word' id='word_1_210' title='bbox 507 3000 656 3065; x_wconf 88' lang='lat' dir='ltr'>sollicitae</span> <span class='ocrx_word' id='word_1_211' title='bbox 679 3001 838 3065; x_wconf 89' lang='lat' dir='ltr'>seruitutis</span> <span class='ocrx_word' id='word_1_212' title='bbox 857 2999 1016 3064; x_wconf 89' lang='lat' dir='ltr'>reuocauit</span> <span class='ocrx_word' id='word_1_213' title='bbox 1038 2999 1201 3064; x_wconf 88' lang='lat' dir='ltr'>industria.</span> 
     </span>
     <span class='ocr_line' id='line_1_26' title="bbox 109 3097 1254 3189; baseline 0.005 -25"><span class='ocrx_word' id='word_1_214' title='bbox 109 3097 192 3180; x_wconf 87' lang='lat' dir='ltr'>Quod</span> <span class='ocrx_word' id='word_1_215' title='bbox 215 3101 243 3166; x_wconf 89' lang='lat' dir='ltr'>si</span> <span class='ocrx_word' id='word_1_216' title='bbox 266 3103 358 3185; x_wconf 88' lang='lat' dir='ltr'>culpa</span> <span class='ocrx_word' id='word_1_217' title='bbox 388 3103 610 3169; x_wconf 80' lang='lat' dir='ltr'>incredulitatis</span> <span class='ocrx_word' id='word_1_218' title='bbox 638 3123 733 3170; x_wconf 90' lang='lat' dir='ltr'>causa</span> <span class='ocrx_word' id='word_1_219' title='bbox 763 3107 811 3170; x_wconf 89' lang='lat' dir='ltr'>ost</span> <span class='ocrx_word' id='word_1_220' title='bbox 839 3104 1031 3189; x_wconf 86' lang='lat' dir='ltr'>perditionis,</span> <span class='ocrx_word' id='word_1_221' title='bbox 1063 3103 1136 3186; x_wconf 94' lang='lat' dir='ltr'>quid</span> <span class='ocrx_word' id='word_1_222' title='bbox 1163 3103 1201 3168; x_wconf 93' lang='lat' dir='ltr'>de</span> <span class='ocrx_word' id='word_1_223' title='bbox 1228 3129 1254 3170; x_wconf 79' lang='lat' dir='ltr'>as</span> 
     </span>
     <span class='ocr_line' id='line_1_27' title="bbox 74 3205 1201 3293; baseline 0.005 -27"><span class='ocrx_word' id='word_1_224' title='bbox 74 3205 199 3281; x_wconf 86' lang='lat' dir='ltr'>paruulis</span> <span class='ocrx_word' id='word_1_225' title='bbox 222 3208 406 3289; x_wconf 88' lang='lat' dir='ltr'>sentiemus,</span> <span class='ocrx_word' id='word_1_226' title='bbox 430 3209 541 3292; x_wconf 91' lang='lat' dir='ltr'>quibus</span> <span class='ocrx_word' id='word_1_227' title='bbox 557 3210 589 3273; x_wconf 91' lang='lat' dir='ltr'>in</span> <span class='ocrx_word' id='word_1_228' title='bbox 604 3213 770 3293; x_wconf 90' lang='lat' dir='ltr'>parentum</span> <span class='ocrx_word' id='word_1_229' title='bbox 786 3209 947 3274; x_wconf 92' lang='lat' dir='ltr'>deuotione</span> <span class='ocrx_word' id='word_1_230' title='bbox 964 3211 995 3273; x_wconf 90' lang='lat' dir='ltr'>ot</span> <span class='ocrx_word' id='word_1_231' title='bbox 1009 3208 1042 3272; x_wconf 93' lang='lat' dir='ltr'>in</span> <span class='ocrx_word' id='word_1_232' title='bbox 1057 3208 1201 3273; x_wconf 89' lang='lat' dir='ltr'>lactantis</span> 
     </span>
     <span class='ocr_line' id='line_1_28' title="bbox 75 3303 1202 3398; baseline 0.006 -29"><span class='ocrx_word' id='word_1_233' title='bbox 75 3303 208 3376; x_wconf 83' lang='lat' dir='ltr'>infantiae</span> <span class='ocrx_word' id='word_1_234' title='bbox 240 3311 438 3395; x_wconf 78' lang='lat' dir='ltr'>simplicitate</span> <span class='ocrx_word' id='word_1_235' title='bbox 467 3313 590 3398; x_wconf 83' lang='lat' dir='ltr'>integra</span> <span class='ocrx_word' id='word_1_236' title='bbox 618 3314 691 3379; x_wconf 87' lang='lat' dir='ltr'>fidei</span> <span class='ocrx_word' id='word_1_237' title='bbox 723 3315 887 3398; x_wconf 71' lang='lat' dir='ltr'>peruigilio</span> <span class='ocrx_word' id='word_1_238' title='bbox 917 3315 1119 3397; x_wconf 89' lang='lat' dir='ltr'>deputantur,</span> <span class='ocrx_word' id='word_1_239' title='bbox 1150 3313 1202 3395; x_wconf 94' lang='lat' dir='ltr'>qui</span> 
     </span>
     <span class='ocr_line' id='line_1_29' title="bbox 75 3408 1202 3503; baseline 0.005 -27"><span class='ocrx_word' id='word_1_240' title='bbox 75 3408 179 3496; x_wconf 81' lang='lat' dir='ltr'>aisque</span> <span class='ocrx_word' id='word_1_241' title='bbox 201 3416 266 3482; x_wconf 91' lang='lat' dir='ltr'>ullo</span> <span class='ocrx_word' id='word_1_242' title='bbox 288 3415 480 3483; x_wconf 87' lang='lat' dir='ltr'>infidelitatis</span> <span class='ocrx_word' id='word_1_243' title='bbox 502 3419 638 3501; x_wconf 87' lang='lat' dir='ltr'>periculo</span> <span class='ocrx_word' id='word_1_244' title='bbox 660 3419 852 3484; x_wconf 87' lang='lat' dir='ltr'>inmaculata</span> <span class='ocrx_word' id='word_1_245' title='bbox 872 3418 1117 3503; x_wconf 83' lang='lat' dir='ltr'>regenerationis</span> <span class='ocrx_word' id='word_1_246' title='bbox 1133 3437 1202 3482; x_wconf 92' lang='lat' dir='ltr'>mu-</span> 
     </span>
     <span class='ocr_line' id='line_1_30' title="bbox 76 3523 1201 3606; baseline 0.009 -29"><span class='ocrx_word' id='word_1_247' title='bbox 76 3529 140 3582; x_wconf 86' lang='lat' dir='ltr'>nera</span> <span class='ocrx_word' id='word_1_248' title='bbox 164 3525 398 3604; x_wconf 86' lang='lat' dir='ltr'>consequuntur</span> <span class='ocrx_word' id='word_1_249' title='bbox 425 3526 457 3587; x_wconf 89' lang='lat' dir='ltr'>ot</span> <span class='ocrx_word' id='word_1_250' title='bbox 479 3524 570 3590; x_wconf 90' lang='lat' dir='ltr'>multi</span> <span class='ocrx_word' id='word_1_251' title='bbox 593 3541 700 3589; x_wconf 90' lang='lat' dir='ltr'>eorum</span> <span class='ocrx_word' id='word_1_252' title='bbox 722 3541 869 3606; x_wconf 90' lang='lat' dir='ltr'>processu</span> <span class='ocrx_word' id='word_1_253' title='bbox 893 3524 1005 3590; x_wconf 86' lang='lat' dir='ltr'>aetatis</span> <span class='ocrx_word' id='word_1_254' title='bbox 1032 3523 1064 3588; x_wconf 94' lang='lat' dir='ltr'>in</span> <span class='ocrx_word' id='word_1_255' title='bbox 1092 3523 1201 3588; x_wconf 90' lang='lat' dir='ltr'>mortis</span> 
     </span>
    </p>
   </div>
   <div class='ocr_carea' id='block_1_3' title="bbox 168 3781 635 3852">
    <p class='ocr_par' dir='ltr' id='par_1_3' title="bbox 168 3781 635 3852">
     <span class='ocr_line' id='line_1_31' title="bbox 168 3781 635 3852; baseline 0.002 -15"><span class='ocrx_word' id='word_1_256' title='bbox 168 3781 194 3851; x_wconf 91' lang='lat' dir='ltr'>l]</span> <span class='ocrx_word' id='word_1_257' title='bbox 213 3781 290 3838; x_wconf 75' lang='lat' dir='ltr'>Zacla</span> <span class='ocrx_word' id='word_1_258' title='bbox 306 3785 346 3848; x_wconf 79' lang='lat'>14,</span> <span class='ocrx_word' id='word_1_259' title='bbox 358 3787 382 3840; x_wconf 87' lang='lat'>8.</span> <span class='ocrx_word' id='word_1_260' title='bbox 437 3783 466 3852; x_wconf 81' lang='lat'>7]</span> <span class='ocrx_word' id='word_1_261' title='bbox 485 3783 543 3840; x_wconf 78' lang='lat' dir='ltr'>Gai</span> <span class='ocrx_word' id='word_1_262' title='bbox 555 3785 581 3850; x_wconf 88' lang='grc'>3,</span> <span class='ocrx_word' id='word_1_263' title='bbox 593 3787 635 3840; x_wconf 80' lang='grc'>27.</span> 
     </span>
    </p>
   </div>
   <div class='ocr_carea' id='block_1_4' title="bbox 75 3989 1202 4432">
    <p class='ocr_par' dir='ltr' id='par_1_4' title="bbox 75 3989 1202 4432">
     <span class='ocr_line' id='line_1_32' title="bbox 113 3989 1200 4099; baseline 0.007 -23"><span class='ocrx_word' id='word_1_264' title='bbox 113 3989 265 4094; x_wconf 58' lang='grc' dir='ltr'>3ἰιιῖυ41ᾕιιε</span> <span class='ocrx_word' id='word_1_265' title='bbox 283 4027 312 4081; x_wconf 90' lang='grc' dir='ltr'><em>Ρ</em></span> <span class='ocrx_word' id='word_1_266' title='bbox 362 4027 518 4082; x_wconf 82' lang='lat' dir='ltr'>5saoraP¹</span> <span class='ocrx_word' id='word_1_267' title='bbox 572 4026 816 4096; x_wconf 77' lang='lat' dir='ltr'>lquioumquaeP</span> <span class='ocrx_word' id='word_1_268' title='bbox 866 4027 1043 4098; x_wconf 77' lang='lat' dir='ltr'>SutiquaeP</span> <span class='ocrx_word' id='word_1_269' title='bbox 1095 4031 1127 4084; x_wconf 93' lang='lat' dir='ltr'>1o</span> <span class='ocrx_word' id='word_1_270' title='bbox 1134 4035 1200 4099; x_wconf 85' lang='lat' dir='ltr'>post</span> 
     </span>
     <span class='ocr_line' id='line_1_33' title="bbox 76 4107 1202 4185; baseline 0.007 -24"><span class='ocrx_word' id='word_1_271' title='bbox 76 4107 182 4164; x_wconf 74' lang='lat' dir='ltr'>uenena</span> <span class='ocrx_word' id='word_1_272' title='bbox 198 4131 297 4170; x_wconf 74' lang='lat' dir='ltr'>ram</span> <span class='ocrx_word' id='word_1_273' title='bbox 315 4115 398 4170; x_wconf 65' lang='lat' dir='ltr'>uiam</span> <span class='ocrx_word' id='word_1_274' title='bbox 415 4115 460 4170; x_wconf 79' lang='lat' dir='ltr'>uel</span> <span class='ocrx_word' id='word_1_275' title='bbox 477 4119 606 4185; x_wconf 70' lang='lat' dir='ltr'>quonam</span> <span class='ocrx_word' id='word_1_276' title='bbox 623 4116 764 4172; x_wconf 76' lang='lat' dir='ltr'>literarum</span> <span class='ocrx_word' id='word_1_277' title='bbox 775 4117 807 4171; x_wconf 81' lang='lat' dir='ltr'>s&#39;a</span> <span class='ocrx_word' id='word_1_278' title='bbox 818 4117 846 4170; x_wconf 92' lang='lat' dir='ltr'><em>P</em></span> <span class='ocrx_word' id='word_1_279' title='bbox 856 4123 942 4172; x_wconf 77' lang='lat' dir='ltr'>caelat</span> <span class='ocrx_word' id='word_1_280' title='bbox 998 4119 1026 4174; x_wconf 95' lang='lat' dir='ltr'>ll</span> <span class='ocrx_word' id='word_1_281' title='bbox 1046 4115 1161 4171; x_wconf 82' lang='lat' dir='ltr'>heretico</span> <span class='ocrx_word' id='word_1_282' title='bbox 1174 4117 1202 4170; x_wconf 94' lang='lat' dir='ltr'><strong><em>P</em></strong></span> 
     </span>
     <span class='ocr_line' id='line_1_34' title="bbox 77 4195 1202 4272; baseline 0.009 -24"><span class='ocrx_word' id='word_1_283' title='bbox 77 4195 105 4248; x_wconf 74' lang='lat' dir='ltr'>lt</span> <span class='ocrx_word' id='word_1_284' title='bbox 121 4197 289 4268; x_wconf 84' lang='lat' dir='ltr'>quicumquae</span> <span class='ocrx_word' id='word_1_285' title='bbox 308 4202 336 4256; x_wconf 93' lang='lat' dir='ltr'><em>P</em></span> <span class='ocrx_word' id='word_1_286' title='bbox 385 4203 418 4258; x_wconf 86' lang='lat'>21</span> <span class='ocrx_word' id='word_1_287' title='bbox 438 4201 524 4256; x_wconf 85' lang='lat' dir='ltr'>dicero</span> <span class='ocrx_word' id='word_1_288' title='bbox 543 4201 570 4256; x_wconf 87' lang='lat' dir='ltr'><strong><em>P</em></strong></span> <span class='ocrx_word' id='word_1_289' title='bbox 621 4205 654 4258; x_wconf 80' lang='lat'>23</span> <span class='ocrx_word' id='word_1_290' title='bbox 672 4202 877 4258; x_wconf 84' lang='lat' dir='ltr'>consuetudines</span> <span class='ocrx_word' id='word_1_291' title='bbox 899 4205 940 4258; x_wconf 92' lang='lat' dir='ltr'>P¹</span> <span class='ocrx_word' id='word_1_292' title='bbox 993 4203 1157 4272; x_wconf 76' lang='lat' dir='ltr'>negligentia</span> <span class='ocrx_word' id='word_1_293' title='bbox 1174 4205 1202 4258; x_wconf 94' lang='lat' dir='ltr'><strong><em>P</em></strong></span> 
     </span>
     <span class='ocr_line' id='line_1_35' title="bbox 75 4282 1199 4360; baseline 0.004 -20"><span class='ocrx_word' id='word_1_294' title='bbox 75 4282 217 4354; x_wconf 73' lang='lat' dir='ltr'>widisquaa</span> <span class='ocrx_word' id='word_1_295' title='bbox 235 4289 263 4344; x_wconf 88' lang='lat' dir='ltr'><strong><em>P</em></strong></span> <span class='ocrx_word' id='word_1_296' title='bbox 312 4289 347 4344; x_wconf 77' lang='grc'>26</span> <span class='ocrx_word' id='word_1_297' title='bbox 365 4287 522 4346; x_wconf 74' lang='lat' dir='ltr'>lactantius</span> <span class='ocrx_word' id='word_1_298' title='bbox 577 4291 611 4346; x_wconf 77' lang='grc'>27</span> <span class='ocrx_word' id='word_1_299' title='bbox 630 4289 783 4360; x_wconf 72' lang='lat' dir='ltr'>integraev</span> <span class='ocrx_word' id='word_1_300' title='bbox 839 4293 873 4348; x_wconf 83' lang='lat'>28</span> <span class='ocrx_word' id='word_1_301' title='bbox 891 4289 1005 4360; x_wconf 84' lang='lat' dir='ltr'>absquae</span> <span class='ocrx_word' id='word_1_302' title='bbox 1023 4293 1051 4346; x_wconf 95' lang='lat' dir='ltr'><strong><em>P</em></strong></span> <span class='ocrx_word' id='word_1_303' title='bbox 1104 4291 1199 4344; x_wconf 88' lang='lat' dir='ltr'>imma·</span> 
     </span>
     <span class='ocr_line' id='line_1_36' title="bbox 75 4367 470 4432; baseline 0.02 -8"><span class='ocrx_word' id='word_1_304' title='bbox 75 4367 198 4429; x_wconf 69' lang='lat' dir='ltr'>aaa?</span> <span class='ocrx_word' id='word_1_305' title='bbox 247 4377 281 4432; x_wconf 84' lang='grc'>29</span> <span class='ocrx_word' id='word_1_306' title='bbox 300 4377 423 4431; x_wconf 70' lang='lat' dir='ltr'>aetamtis</span> <span class='ocrx_word' id='word_1_307' title='bbox 442 4377 470 4432; x_wconf 93' lang='lat' dir='ltr'><strong><em>P</em></strong></span> 
     </span>
    </p>
   </div>
   <div class='ocr_carea' id='block_1_5' title="bbox 0 0 1464 4930">
    <p class='ocr_par' dir='ltr' id='par_1_5' title="bbox 0 0 1464 4930">
     <span class='ocr_line' id='line_1_37' title="bbox 0 0 1464 4930; baseline 0 2"><span class='ocrx_word' id='word_1_308' title='bbox 0 0 1464 4930; x_wconf 95' lang='lat' dir='ltr'> </span> 
     </span>
    </p>
   </div>
  </div>
 </body>
</html>
