<?xml version="1.0" encoding="UTF-8"?>
<!DOCTYPE html PUBLIC "-//W3C//DTD XHTML 1.0 Transitional//EN"
    "http://www.w3.org/TR/xhtml1/DTD/xhtml1-transitional.dtd">
<html xmlns="http://www.w3.org/1999/xhtml" xml:lang="en" lang="en">
 <head>
  <title>
</title>
<meta http-equiv="Content-Type" content="text/html;charset=utf-8" />
  <meta name='ocr-system' content='tesseract 3.04.00' />
  <meta name='ocr-capabilities' content='ocr_page ocr_carea ocr_par ocr_line ocrx_word'/>
</head>
<body>
  <div class='ocr_page' id='page_1' title='image "./praetersermones00fausgoog/praetersermones00fausgoog_0035.png"; bbox 0 0 2920 4928; ppageno 0'>
   <div class='ocr_carea' id='block_1_1' title="bbox 519 405 1212 475">
    <p class='ocr_par' dir='ltr' id='par_1_1' title="bbox 519 405 1212 475">
     <span class='ocr_line' id='line_1_1' title="bbox 519 405 1212 475; baseline 0.004 -16"><span class='ocrx_word' id='word_1_1' title='bbox 519 405 761 475; x_wconf 88' lang='lat' dir='ltr'>Prolegomena.</span> <span class='ocrx_word' id='word_1_2' title='bbox 1109 408 1212 462; x_wconf 87' lang='lat' dir='ltr'>XXVII</span> 
     </span>
    </p>
   </div>
   <div class='ocr_carea' id='block_1_2' title="bbox 9 578 1212 4427">
    <p class='ocr_par' dir='ltr' id='par_1_2' title="bbox 88 578 1212 765">
     <span class='ocr_line' id='line_1_2' title="bbox 89 578 1212 666; baseline 0.008 -26"><span class='ocrx_word' id='word_1_3' title='bbox 89 578 148 642; x_wconf 91' lang='lat' dir='ltr'>inde</span> <span class='ocrx_word' id='word_1_4' title='bbox 169 597 187 643; x_wconf 87' lang='lat' dir='ltr'>a</span> <span class='ocrx_word' id='word_1_5' title='bbox 206 599 235 664; x_wconf 88' lang='lat' dir='ltr'>p.</span> <span class='ocrx_word' id='word_1_6' title='bbox 252 578 317 643; x_wconf 84' lang='lat'>314</span> <span class='ocrx_word' id='word_1_7' title='bbox 338 582 521 662; x_wconf 79' lang='lat' dir='ltr'>recensitae,</span> <span class='ocrx_word' id='word_1_8' title='bbox 553 599 659 664; x_wconf 87' lang='lat' dir='ltr'>quare,</span> <span class='ocrx_word' id='word_1_9' title='bbox 689 583 716 646; x_wconf 90' lang='lat' dir='ltr'>si</span> <span class='ocrx_word' id='word_1_10' title='bbox 738 602 789 647; x_wconf 95' lang='lat' dir='ltr'>me</span> <span class='ocrx_word' id='word_1_11' title='bbox 812 584 918 648; x_wconf 89' lang='lat' dir='ltr'>andire</span> <span class='ocrx_word' id='word_1_12' title='bbox 940 585 1000 666; x_wconf 85' lang='lat' dir='ltr'>uis,</span> <span class='ocrx_word' id='word_1_13' title='bbox 1031 589 1156 648; x_wconf 90' lang='lat' dir='ltr'>eentum</span> <span class='ocrx_word' id='word_1_14' title='bbox 1181 588 1212 650; x_wconf 89' lang='lat' dir='ltr'>et</span> 
     </span>
     <span class='ocr_line' id='line_1_3' title="bbox 88 683 794 765; baseline 0.008 -19"><span class='ocrx_word' id='word_1_15' title='bbox 88 683 207 765; x_wconf 79' lang='lat' dir='ltr'>qunque</span> <span class='ocrx_word' id='word_1_16' title='bbox 229 683 322 748; x_wconf 91' lang='lat' dir='ltr'>hodie</span> <span class='ocrx_word' id='word_1_17' title='bbox 345 688 470 750; x_wconf 80' lang='lat' dir='ltr'>exstant</span> <span class='ocrx_word' id='word_1_18' title='bbox 492 686 600 750; x_wconf 82' lang='lat' dir='ltr'>Fausti</span> <span class='ocrx_word' id='word_1_19' title='bbox 624 705 794 752; x_wconf 88' lang='lat' dir='ltr'>sermones.</span> 
     </span>
    </p>

    <p class='ocr_par' dir='ltr' id='par_1_3' title="bbox 9 785 1210 2108">
     <span class='ocr_line' id='line_1_4' title="bbox 124 785 1210 876; baseline 0.006 -24"><span class='ocrx_word' id='word_1_20' title='bbox 124 785 176 852; x_wconf 85' lang='lat' dir='ltr'>Sed</span> <span class='ocrx_word' id='word_1_21' title='bbox 196 789 297 853; x_wconf 88' lang='lat' dir='ltr'>facere</span> <span class='ocrx_word' id='word_1_22' title='bbox 320 807 381 854; x_wconf 92' lang='lat' dir='ltr'>non</span> <span class='ocrx_word' id='word_1_23' title='bbox 405 807 545 873; x_wconf 90' lang='lat' dir='ltr'>possum,</span> <span class='ocrx_word' id='word_1_24' title='bbox 568 791 643 873; x_wconf 90' lang='lat' dir='ltr'>quin</span> <span class='ocrx_word' id='word_1_25' title='bbox 662 791 721 856; x_wconf 91' lang='lat' dir='ltr'>boo</span> <span class='ocrx_word' id='word_1_26' title='bbox 736 810 857 875; x_wconf 88' lang='lat' dir='ltr'>qnoque</span> <span class='ocrx_word' id='word_1_27' title='bbox 872 793 939 856; x_wconf 92' lang='lat' dir='ltr'>loco</span> <span class='ocrx_word' id='word_1_28' title='bbox 955 792 1099 876; x_wconf 43' lang='lat' dir='ltr'>ingenue,</span> <span class='ocrx_word' id='word_1_29' title='bbox 1109 793 1210 858; x_wconf 85' lang='lat' dir='ltr'>fatear</span> 
     </span>
     <span class='ocr_line' id='line_1_5' title="bbox 87 893 1210 979; baseline 0.008 -25"><span class='ocrx_word' id='word_1_30' title='bbox 87 909 129 954; x_wconf 92' lang='lat' dir='ltr'>me</span> <span class='ocrx_word' id='word_1_31' title='bbox 149 893 271 975; x_wconf 88' lang='lat' dir='ltr'>nescire,</span> <span class='ocrx_word' id='word_1_32' title='bbox 295 912 336 958; x_wconf 93' lang='lat' dir='ltr'>an</span> <span class='ocrx_word' id='word_1_33' title='bbox 358 895 463 979; x_wconf 89' lang='lat' dir='ltr'>plures</span> <span class='ocrx_word' id='word_1_34' title='bbox 487 913 647 960; x_wconf 85' lang='lat' dir='ltr'>sermones</span> <span class='ocrx_word' id='word_1_35' title='bbox 663 895 771 961; x_wconf 78' lang='lat' dir='ltr'>Fausti</span> <span class='ocrx_word' id='word_1_36' title='bbox 787 901 918 978; x_wconf 80' lang='lat' dir='ltr'>exstent,</span> <span class='ocrx_word' id='word_1_37' title='bbox 942 915 1017 962; x_wconf 92' lang='lat' dir='ltr'>nam</span> <span class='ocrx_word' id='word_1_38' title='bbox 1039 898 1121 962; x_wconf 91' lang='lat' dir='ltr'>inter</span> <span class='ocrx_word' id='word_1_39' title='bbox 1140 901 1210 963; x_wconf 90' lang='lat' dir='ltr'>tan-</span> 
     </span>
     <span class='ocr_line' id='line_1_6' title="bbox 86 999 1209 1085; baseline 0.009 -27"><span class='ocrx_word' id='word_1_40' title='bbox 86 1000 142 1059; x_wconf 85' lang='lat' dir='ltr'>tem</span> <span class='ocrx_word' id='word_1_41' title='bbox 170 1015 347 1063; x_wconf 82' lang='lat' dir='ltr'>sermonum</span> <span class='ocrx_word' id='word_1_42' title='bbox 379 999 584 1083; x_wconf 80' lang='lat' dir='ltr'>farraginem,</span> <span class='ocrx_word' id='word_1_43' title='bbox 621 1000 674 1082; x_wconf 88' lang='lat' dir='ltr'>qui</span> <span class='ocrx_word' id='word_1_44' title='bbox 705 1001 744 1065; x_wconf 89' lang='lat' dir='ltr'>ad</span> <span class='ocrx_word' id='word_1_45' title='bbox 774 1019 831 1066; x_wconf 91' lang='lat' dir='ltr'>nos</span> <span class='ocrx_word' id='word_1_46' title='bbox 861 1020 960 1084; x_wconf 89' lang='lat' dir='ltr'>usque</span> <span class='ocrx_word' id='word_1_47' title='bbox 990 1007 1209 1085; x_wconf 88' lang='lat' dir='ltr'>peruenerunt,</span> 
     </span>
     <span class='ocr_line' id='line_1_7' title="bbox 84 1103 1209 1190; baseline 0.006 -25"><span class='ocrx_word' id='word_1_48' title='bbox 84 1118 170 1165; x_wconf 90' lang='lat' dir='ltr'>unum</span> <span class='ocrx_word' id='word_1_49' title='bbox 192 1103 363 1168; x_wconf 88' lang='lat' dir='ltr'>alterumue</span> <span class='ocrx_word' id='word_1_50' title='bbox 386 1104 487 1168; x_wconf 89' lang='lat' dir='ltr'>adhuc</span> <span class='ocrx_word' id='word_1_51' title='bbox 509 1105 607 1169; x_wconf 89' lang='lat' dir='ltr'>latere</span> <span class='ocrx_word' id='word_1_52' title='bbox 633 1123 735 1188; x_wconf 91' lang='lat' dir='ltr'>posse,</span> <span class='ocrx_word' id='word_1_53' title='bbox 763 1107 949 1190; x_wconf 89' lang='lat' dir='ltr'>praesertim</span> <span class='ocrx_word' id='word_1_54' title='bbox 976 1125 1048 1171; x_wconf 89' lang='lat' dir='ltr'>cum</span> <span class='ocrx_word' id='word_1_55' title='bbox 1075 1109 1209 1172; x_wconf 78' lang='lat' dir='ltr'>sescenti</span> 
     </span>
     <span class='ocr_line' id='line_1_8' title="bbox 84 1204 1208 1296; baseline 0.009 -30"><span class='ocrx_word' id='word_1_56' title='bbox 84 1204 189 1270; x_wconf 80' lang='lat' dir='ltr'>codices</span> <span class='ocrx_word' id='word_1_57' title='bbox 210 1207 270 1271; x_wconf 89' lang='lat' dir='ltr'>buo</span> <span class='ocrx_word' id='word_1_58' title='bbox 292 1208 486 1291; x_wconf 77' lang='lat' dir='ltr'>pertinentes</span> <span class='ocrx_word' id='word_1_59' title='bbox 510 1209 649 1274; x_wconf 89' lang='lat' dir='ltr'>nondum</span> <span class='ocrx_word' id='word_1_60' title='bbox 673 1211 792 1274; x_wconf 87' lang='lat' dir='ltr'>excussi</span> <span class='ocrx_word' id='word_1_61' title='bbox 820 1210 893 1292; x_wconf 89' lang='lat' dir='ltr'>sint,</span> <span class='ocrx_word' id='word_1_62' title='bbox 925 1211 995 1294; x_wconf 92' lang='lat' dir='ltr'>quis</span> <span class='ocrx_word' id='word_1_63' title='bbox 1025 1212 1208 1296; x_wconf 80' lang='lat' dir='ltr'>negauerit?</span> 
     </span>
     <span class='ocr_line' id='line_1_9' title="bbox 83 1312 1208 1398; baseline 0.008 -27"><span class='ocrx_word' id='word_1_64' title='bbox 83 1313 178 1375; x_wconf 85' lang='lat' dir='ltr'>eontra</span> <span class='ocrx_word' id='word_1_65' title='bbox 198 1315 304 1376; x_wconf 85' lang='lat' dir='ltr'>antem</span> <span class='ocrx_word' id='word_1_66' title='bbox 320 1312 404 1376; x_wconf 91' lang='lat' dir='ltr'>hunc</span> <span class='ocrx_word' id='word_1_67' title='bbox 418 1312 550 1378; x_wconf 87' lang='lat' dir='ltr'>illumne</span> <span class='ocrx_word' id='word_1_68' title='bbox 566 1332 742 1378; x_wconf 90' lang='lat' dir='ltr'>sermonem</span> <span class='ocrx_word' id='word_1_69' title='bbox 759 1314 882 1380; x_wconf 90' lang='lat' dir='ltr'>anobis</span> <span class='ocrx_word' id='word_1_70' title='bbox 899 1334 915 1379; x_wconf 87' lang='lat' dir='ltr'>e</span> <span class='ocrx_word' id='word_1_71' title='bbox 930 1316 1088 1398; x_wconf 82' lang='lat' dir='ltr'>praesenti</span> <span class='ocrx_word' id='word_1_72' title='bbox 1103 1335 1208 1380; x_wconf 87' lang='lat' dir='ltr'>rerum</span> 
     </span>
     <span class='ocr_line' id='line_1_10' title="bbox 82 1417 1208 1502; baseline 0.008 -25"><span class='ocrx_word' id='word_1_73' title='bbox 82 1417 157 1479; x_wconf 83' lang='lat' dir='ltr'>statu</span> <span class='ocrx_word' id='word_1_74' title='bbox 178 1417 291 1482; x_wconf 81' lang='lat' dir='ltr'>Fausto</span> <span class='ocrx_word' id='word_1_75' title='bbox 320 1417 518 1502; x_wconf 86' lang='lat' dir='ltr'>assignatum</span> <span class='ocrx_word' id='word_1_76' title='bbox 548 1418 622 1500; x_wconf 89' lang='lat' dir='ltr'>quin</span> <span class='ocrx_word' id='word_1_77' title='bbox 649 1422 760 1502; x_wconf 87' lang='lat' dir='ltr'>postea</span> <span class='ocrx_word' id='word_1_78' title='bbox 786 1420 846 1483; x_wconf 89' lang='lat' dir='ltr'>uiri</span> <span class='ocrx_word' id='word_1_79' title='bbox 874 1419 956 1484; x_wconf 92' lang='lat' dir='ltr'>docti</span> <span class='ocrx_word' id='word_1_80' title='bbox 984 1437 1065 1485; x_wconf 89' lang='lat' dir='ltr'>noua</span> <span class='ocrx_word' id='word_1_81' title='bbox 1086 1420 1119 1486; x_wconf 93' lang='lat' dir='ltr'>in</span> <span class='ocrx_word' id='word_1_82' title='bbox 1142 1421 1208 1486; x_wconf 91' lang='lat' dir='ltr'>dies</span> 
     </span>
     <span class='ocr_line' id='line_1_11' title="bbox 82 1521 1208 1608; baseline 0.006 -25"><span class='ocrx_word' id='word_1_83' title='bbox 82 1522 198 1585; x_wconf 87' lang='lat' dir='ltr'>materia</span> <span class='ocrx_word' id='word_1_84' title='bbox 219 1522 258 1586; x_wconf 86' lang='lat' dir='ltr'>ad</span> <span class='ocrx_word' id='word_1_85' title='bbox 281 1521 482 1586; x_wconf 85' lang='lat' dir='ltr'>homiliarum</span> <span class='ocrx_word' id='word_1_86' title='bbox 505 1523 600 1586; x_wconf 87' lang='lat' dir='ltr'>crisin</span> <span class='ocrx_word' id='word_1_87' title='bbox 624 1523 829 1588; x_wconf 82' lang='lat' dir='ltr'>factitandum</span> <span class='ocrx_word' id='word_1_88' title='bbox 855 1527 1005 1608; x_wconf 89' lang='lat' dir='ltr'>congesta</span> <span class='ocrx_word' id='word_1_89' title='bbox 1026 1526 1158 1590; x_wconf 85' lang='lat' dir='ltr'>fortasse</span> <span class='ocrx_word' id='word_1_90' title='bbox 1181 1527 1208 1590; x_wconf 92' lang='lat' dir='ltr'>ei</span> 
     </span>
     <span class='ocr_line' id='line_1_12' title="bbox 80 1623 1207 1711; baseline 0.004 -23"><span class='ocrx_word' id='word_1_91' title='bbox 80 1623 269 1690; x_wconf 85' lang='lat' dir='ltr'>abiudicaturi</span> <span class='ocrx_word' id='word_1_92' title='bbox 292 1627 366 1708; x_wconf 91' lang='lat' dir='ltr'>sint,</span> <span class='ocrx_word' id='word_1_93' title='bbox 390 1627 494 1690; x_wconf 91' lang='lat' dir='ltr'>nullus</span> <span class='ocrx_word' id='word_1_94' title='bbox 518 1625 637 1708; x_wconf 91' lang='lat' dir='ltr'>dubito,</span> <span class='ocrx_word' id='word_1_95' title='bbox 661 1645 915 1710; x_wconf 79' lang='lat' dir='ltr'>quemquamne</span> <span class='ocrx_word' id='word_1_96' title='bbox 939 1629 983 1692; x_wconf 91' lang='lat' dir='ltr'>sic</span> <span class='ocrx_word' id='word_1_97' title='bbox 1006 1629 1133 1711; x_wconf 89' lang='lat' dir='ltr'>quidem</span> <span class='ocrx_word' id='word_1_98' title='bbox 1153 1629 1207 1694; x_wconf 91' lang='lat' dir='ltr'>de-</span> 
     </span>
     <span class='ocr_line' id='line_1_13' title="bbox 80 1729 1207 1816; baseline 0.008 -26"><span class='ocrx_word' id='word_1_99' title='bbox 80 1745 158 1810; x_wconf 89' lang='lat' dir='ltr'>spero</span> <span class='ocrx_word' id='word_1_100' title='bbox 180 1749 229 1794; x_wconf 93' lang='lat' dir='ltr'>me</span> <span class='ocrx_word' id='word_1_101' title='bbox 251 1729 362 1795; x_wconf 87' lang='lat' dir='ltr'>utilem</span> <span class='ocrx_word' id='word_1_102' title='bbox 385 1731 417 1795; x_wconf 92' lang='lat' dir='ltr'>in</span> <span class='ocrx_word' id='word_1_103' title='bbox 440 1731 526 1795; x_wconf 91' lang='lat' dir='ltr'>hisce</span> <span class='ocrx_word' id='word_1_104' title='bbox 549 1730 642 1795; x_wconf 86' lang='lat' dir='ltr'>rebus</span> <span class='ocrx_word' id='word_1_105' title='bbox 663 1731 848 1816; x_wconf 80' lang='lat' dir='ltr'>indagandis</span> <span class='ocrx_word' id='word_1_106' title='bbox 868 1734 1099 1816; x_wconf 82' lang='lat' dir='ltr'>consumpsisse</span> <span class='ocrx_word' id='word_1_107' title='bbox 1120 1733 1207 1799; x_wconf 91' lang='lat' dir='ltr'>labo-</span> 
     </span>
     <span class='ocr_line' id='line_1_14' title="bbox 80 1835 1206 1920; baseline 0.005 -25"><span class='ocrx_word' id='word_1_108' title='bbox 80 1851 147 1897; x_wconf 92' lang='lat' dir='ltr'>rem.</span> <span class='ocrx_word' id='word_1_109' title='bbox 168 1835 308 1900; x_wconf 87' lang='lat' dir='ltr'>iacienda</span> <span class='ocrx_word' id='word_1_110' title='bbox 330 1836 414 1899; x_wconf 90' lang='lat' dir='ltr'>enim</span> <span class='ocrx_word' id='word_1_111' title='bbox 437 1839 511 1899; x_wconf 89' lang='lat' dir='ltr'>sunt</span> <span class='ocrx_word' id='word_1_112' title='bbox 534 1837 662 1900; x_wconf 90' lang='lat' dir='ltr'>tandem</span> <span class='ocrx_word' id='word_1_113' title='bbox 687 1837 854 1918; x_wconf 89' lang='lat' dir='ltr'>aliquando</span> <span class='ocrx_word' id='word_1_114' title='bbox 878 1837 1092 1918; x_wconf 83' lang='lat' dir='ltr'>fundamenta,</span> <span class='ocrx_word' id='word_1_115' title='bbox 1116 1856 1206 1920; x_wconf 86' lang='lat' dir='ltr'>qnae,</span> 
     </span>
     <span class='ocr_line' id='line_1_15' title="bbox 9 1937 1205 2024; baseline 0.008 -26"><span class='ocrx_word' id='word_1_116' title='bbox 9 1949 14 1960; x_wconf 89' lang='lat'><strong>·</strong></span> <span class='ocrx_word' id='word_1_117' title='bbox 79 1937 188 2003; x_wconf 85' lang='lat' dir='ltr'>etiamsi</span> <span class='ocrx_word' id='word_1_118' title='bbox 211 1940 290 2005; x_wconf 85' lang='lat' dir='ltr'>forte</span> <span class='ocrx_word' id='word_1_119' title='bbox 314 1939 427 2004; x_wconf 88' lang='lat' dir='ltr'>cedant</span> <span class='ocrx_word' id='word_1_120' title='bbox 450 1959 486 2004; x_wconf 82' lang='lat' dir='ltr'>ex</span> <span class='ocrx_word' id='word_1_121' title='bbox 509 1944 607 2023; x_wconf 91' lang='lat' dir='ltr'>parte,</span> <span class='ocrx_word' id='word_1_122' title='bbox 639 1945 745 2004; x_wconf 88' lang='lat' dir='ltr'>tamen</span> <span class='ocrx_word' id='word_1_123' title='bbox 769 1941 921 2022; x_wconf 65' lang='lat' dir='ltr'>funditus</span> <span class='ocrx_word' id='word_1_124' title='bbox 952 1945 988 2006; x_wconf 90' lang='lat' dir='ltr'>ut</span> <span class='ocrx_word' id='word_1_125' title='bbox 1015 1960 1115 2024; x_wconf 90' lang='lat' dir='ltr'>spero,</span> <span class='ocrx_word' id='word_1_126' title='bbox 1143 1960 1205 2007; x_wconf 92' lang='lat' dir='ltr'>non</span> 
     </span>
     <span class='ocr_line' id='line_1_16' title="bbox 78 2041 255 2108; baseline 0.023 -3"><span class='ocrx_word' id='word_1_127' title='bbox 78 2041 255 2108; x_wconf 86' lang='lat' dir='ltr'>disicientnr.</span> 
     </span>
    </p>

    <p class='ocr_par' dir='ltr' id='par_1_4' title="bbox 69 2145 1205 4427">
     <span class='ocr_line' id='line_1_17' title="bbox 114 2145 1205 2232; baseline 0.003 -20"><span class='ocrx_word' id='word_1_128' title='bbox 114 2145 168 2212; x_wconf 87' lang='lat' dir='ltr'>Sed</span> <span class='ocrx_word' id='word_1_129' title='bbox 189 2167 301 2232; x_wconf 89' lang='lat' dir='ltr'>operae</span> <span class='ocrx_word' id='word_1_130' title='bbox 324 2149 459 2232; x_wconf 88' lang='lat' dir='ltr'>pretium</span> <span class='ocrx_word' id='word_1_131' title='bbox 483 2168 551 2214; x_wconf 89' lang='lat' dir='ltr'>esse</span> <span class='ocrx_word' id='word_1_132' title='bbox 570 2151 694 2214; x_wconf 87' lang='lat' dir='ltr'>uidetur</span> <span class='ocrx_word' id='word_1_133' title='bbox 711 2167 872 2232; x_wconf 82' lang='lat' dir='ltr'>exponere,</span> <span class='ocrx_word' id='word_1_134' title='bbox 896 2167 958 2232; x_wconf 91' lang='lat' dir='ltr'>qua</span> <span class='ocrx_word' id='word_1_135' title='bbox 973 2150 1025 2214; x_wconf 91' lang='lat' dir='ltr'>uia</span> <span class='ocrx_word' id='word_1_136' title='bbox 1040 2153 1069 2215; x_wconf 89' lang='lat' dir='ltr'>et</span> <span class='ocrx_word' id='word_1_137' title='bbox 1085 2151 1205 2216; x_wconf 91' lang='lat' dir='ltr'>ratione</span> 
     </span>
     <span class='ocr_line' id='line_1_18' title="bbox 77 2252 1205 2337; baseline 0.006 -24"><span class='ocrx_word' id='word_1_138' title='bbox 77 2269 116 2330; x_wconf 87' lang='lat' dir='ltr'>ea,</span> <span class='ocrx_word' id='word_1_139' title='bbox 138 2271 211 2334; x_wconf 88' lang='lat' dir='ltr'>quae</span> <span class='ocrx_word' id='word_1_140' title='bbox 234 2254 267 2317; x_wconf 93' lang='lat' dir='ltr'>in</span> <span class='ocrx_word' id='word_1_141' title='bbox 290 2252 397 2318; x_wconf 90' lang='lat' dir='ltr'>libello</span> <span class='ocrx_word' id='word_1_142' title='bbox 421 2272 516 2337; x_wconf 90' lang='lat' dir='ltr'>supra</span> <span class='ocrx_word' id='word_1_143' title='bbox 539 2255 633 2319; x_wconf 88' lang='lat' dir='ltr'>allato</span> <span class='ocrx_word' id='word_1_144' title='bbox 656 2255 756 2318; x_wconf 85' lang='lat' dir='ltr'>fusius</span> <span class='ocrx_word' id='word_1_145' title='bbox 784 2256 921 2337; x_wconf 83' lang='lat' dir='ltr'>exposui,</span> <span class='ocrx_word' id='word_1_146' title='bbox 949 2256 1111 2320; x_wconf 90' lang='lat' dir='ltr'>enucleare</span> <span class='ocrx_word' id='word_1_147' title='bbox 1139 2259 1205 2320; x_wconf 88' lang='lat' dir='ltr'>stu·</span> 
     </span>
     <span class='ocr_line' id='line_1_19' title="bbox 76 2353 1204 2443; baseline 0.007 -27"><span class='ocrx_word' id='word_1_148' title='bbox 76 2353 193 2422; x_wconf 85' lang='lat' dir='ltr'>luerim.</span> <span class='ocrx_word' id='word_1_149' title='bbox 238 2376 274 2422; x_wconf 92' lang='lat' dir='ltr'>ae</span> <span class='ocrx_word' id='word_1_150' title='bbox 304 2376 377 2422; x_wconf 91' lang='lat' dir='ltr'>cum</span> <span class='ocrx_word' id='word_1_151' title='bbox 408 2362 552 2424; x_wconf 89' lang='lat' dir='ltr'>ueterum</span> <span class='ocrx_word' id='word_1_152' title='bbox 582 2359 765 2424; x_wconf 92' lang='lat' dir='ltr'>testimonia</span> <span class='ocrx_word' id='word_1_153' title='bbox 792 2359 829 2423; x_wconf 93' lang='lat' dir='ltr'>de</span> <span class='ocrx_word' id='word_1_154' title='bbox 853 2359 985 2442; x_wconf 87' lang='lat' dir='ltr'>singulis</span> <span class='ocrx_word' id='word_1_155' title='bbox 1009 2359 1204 2443; x_wconf 87' lang='lat' dir='ltr'>singulorum</span> 
     </span>
     <span class='ocr_line' id='line_1_20' title="bbox 76 2461 1204 2546; baseline 0.008 -26"><span class='ocrx_word' id='word_1_156' title='bbox 76 2461 248 2543; x_wconf 83' lang='lat' dir='ltr'>scriptorum</span> <span class='ocrx_word' id='word_1_157' title='bbox 278 2463 414 2528; x_wconf 89' lang='lat' dir='ltr'>homiliis</span> <span class='ocrx_word' id='word_1_158' title='bbox 445 2465 531 2527; x_wconf 90' lang='lat' dir='ltr'>certa</span> <span class='ocrx_word' id='word_1_159' title='bbox 557 2481 683 2546; x_wconf 88' lang='lat' dir='ltr'>perraro</span> <span class='ocrx_word' id='word_1_160' title='bbox 708 2467 840 2542; x_wconf 82' lang='lat' dir='ltr'>exstent,</span> <span class='ocrx_word' id='word_1_161' title='bbox 871 2464 1012 2528; x_wconf 90' lang='lat' dir='ltr'>codicum</span> <span class='ocrx_word' id='word_1_162' title='bbox 1035 2465 1204 2530; x_wconf 89' lang='lat' dir='ltr'>auctoritas</span> 
     </span>
     <span class='ocr_line' id='line_1_21' title="bbox 76 2563 1203 2650; baseline 0.005 -23"><span class='ocrx_word' id='word_1_163' title='bbox 76 2563 102 2626; x_wconf 90' lang='lat' dir='ltr'>in</span> <span class='ocrx_word' id='word_1_164' title='bbox 128 2567 309 2650; x_wconf 88' lang='lat' dir='ltr'>scriptorum</span> <span class='ocrx_word' id='word_1_165' title='bbox 336 2566 516 2632; x_wconf 90' lang='lat' dir='ltr'>nominibus</span> <span class='ocrx_word' id='word_1_166' title='bbox 545 2567 704 2632; x_wconf 86' lang='lat' dir='ltr'>tradendis</span> <span class='ocrx_word' id='word_1_167' title='bbox 733 2567 861 2632; x_wconf 81' lang='lat' dir='ltr'>maximi</span> <span class='ocrx_word' id='word_1_168' title='bbox 884 2569 1034 2632; x_wconf 91' lang='lat' dir='ltr'>momenti</span> <span class='ocrx_word' id='word_1_169' title='bbox 1057 2588 1125 2634; x_wconf 88' lang='lat' dir='ltr'>esse</span> <span class='ocrx_word' id='word_1_170' title='bbox 1151 2571 1203 2634; x_wconf 92' lang='lat' dir='ltr'>de-</span> 
     </span>
     <span class='ocr_line' id='line_1_22' title="bbox 77 2665 1202 2756; baseline 0.01 -29"><span class='ocrx_word' id='word_1_171' title='bbox 77 2665 162 2750; x_wconf 90' lang='lat' dir='ltr'>beret,</span> <span class='ocrx_word' id='word_1_172' title='bbox 190 2671 260 2752; x_wconf 87' lang='lat' dir='ltr'>nisi,</span> <span class='ocrx_word' id='word_1_173' title='bbox 291 2689 370 2754; x_wconf 88' lang='lat' dir='ltr'>quae</span> <span class='ocrx_word' id='word_1_174' title='bbox 400 2671 488 2736; x_wconf 91' lang='lat' dir='ltr'>initio</span> <span class='ocrx_word' id='word_1_175' title='bbox 520 2690 539 2736; x_wconf 90' lang='lat' dir='ltr'>a</span> <span class='ocrx_word' id='word_1_176' title='bbox 568 2671 719 2754; x_wconf 85' lang='lat' dir='ltr'>scriptore</span> <span class='ocrx_word' id='word_1_177' title='bbox 748 2673 815 2754; x_wconf 91' lang='lat' dir='ltr'>ipso</span> <span class='ocrx_word' id='word_1_178' title='bbox 842 2673 893 2736; x_wconf 90' lang='lat' dir='ltr'>uel</span> <span class='ocrx_word' id='word_1_179' title='bbox 920 2671 1111 2756; x_wconf 90' lang='lat' dir='ltr'>paulopost</span> <span class='ocrx_word' id='word_1_180' title='bbox 1138 2674 1202 2738; x_wconf 89' lang='lat' dir='ltr'>eius</span> 
     </span>
     <span class='ocr_line' id='line_1_23' title="bbox 75 2775 1203 2858; baseline 0.007 -24"><span class='ocrx_word' id='word_1_181' title='bbox 75 2777 193 2839; x_wconf 87' lang='lat' dir='ltr'>mortem</span> <span class='ocrx_word' id='word_1_182' title='bbox 216 2777 250 2840; x_wconf 94' lang='lat' dir='ltr'>in</span> <span class='ocrx_word' id='word_1_183' title='bbox 273 2793 372 2840; x_wconf 89' lang='lat' dir='ltr'>unum</span> <span class='ocrx_word' id='word_1_184' title='bbox 395 2794 507 2858; x_wconf 88' lang='lat' dir='ltr'>corpus</span> <span class='ocrx_word' id='word_1_185' title='bbox 529 2775 672 2840; x_wconf 88' lang='lat' dir='ltr'>redactae</span> <span class='ocrx_word' id='word_1_186' title='bbox 701 2775 801 2840; x_wconf 90' lang='lat' dir='ltr'>editae</span> <span class='ocrx_word' id='word_1_187' title='bbox 830 2779 919 2840; x_wconf 91' lang='lat' dir='ltr'>erant</span> <span class='ocrx_word' id='word_1_188' title='bbox 939 2776 1096 2857; x_wconf 91' lang='lat' dir='ltr'>homiliae,</span> <span class='ocrx_word' id='word_1_189' title='bbox 1123 2781 1203 2842; x_wconf 92' lang='lat' dir='ltr'>tem·</span> 
     </span>
     <span class='ocr_line' id='line_1_24' title="bbox 74 2879 1201 2964; baseline 0.004 -22"><span class='ocrx_word' id='word_1_190' title='bbox 74 2895 172 2958; x_wconf 90' lang='lat' dir='ltr'>porum</span> <span class='ocrx_word' id='word_1_191' title='bbox 201 2881 344 2960; x_wconf 90' lang='lat' dir='ltr'>decursu,</span> <span class='ocrx_word' id='word_1_192' title='bbox 375 2884 467 2963; x_wconf 89' lang='lat' dir='ltr'>prout</span> <span class='ocrx_word' id='word_1_193' title='bbox 497 2899 572 2945; x_wconf 90' lang='lat' dir='ltr'>usus</span> <span class='ocrx_word' id='word_1_194' title='bbox 602 2879 732 2962; x_wconf 83' lang='lat' dir='ltr'>ferebat,</span> <span class='ocrx_word' id='word_1_195' title='bbox 763 2883 818 2945; x_wconf 90' lang='lat' dir='ltr'>aut</span> <span class='ocrx_word' id='word_1_196' title='bbox 847 2881 988 2964; x_wconf 85' lang='lat' dir='ltr'>singulae</span> <span class='ocrx_word' id='word_1_197' title='bbox 1015 2885 1070 2945; x_wconf 91' lang='lat' dir='ltr'>aut</span> <span class='ocrx_word' id='word_1_198' title='bbox 1096 2881 1201 2964; x_wconf 92' lang='lat' dir='ltr'>plures</span> 
     </span>
     <span class='ocr_line' id='line_1_25' title="bbox 74 2983 1202 3068; baseline 0.006 -25"><span class='ocrx_word' id='word_1_199' title='bbox 74 2983 189 3048; x_wconf 86' lang='lat' dir='ltr'>acuisse</span> <span class='ocrx_word' id='word_1_200' title='bbox 211 3003 231 3048; x_wconf 89' lang='lat' dir='ltr'>a</span> <span class='ocrx_word' id='word_1_201' title='bbox 253 2985 366 3049; x_wconf 89' lang='lat' dir='ltr'>ceteris</span> <span class='ocrx_word' id='word_1_202' title='bbox 397 3003 469 3048; x_wconf 87' lang='lat' dir='ltr'>cum</span> <span class='ocrx_word' id='word_1_203' title='bbox 497 2985 565 3049; x_wconf 90' lang='lat' dir='ltr'>aliis</span> <span class='ocrx_word' id='word_1_204' title='bbox 594 2985 724 3050; x_wconf 90' lang='lat' dir='ltr'>aliorum</span> <span class='ocrx_word' id='word_1_205' title='bbox 752 2985 939 3068; x_wconf 89' lang='lat' dir='ltr'>scriptorum</span> <span class='ocrx_word' id='word_1_206' title='bbox 967 2984 1105 3048; x_wconf 91' lang='lat' dir='ltr'>homiliis</span> <span class='ocrx_word' id='word_1_207' title='bbox 1132 3005 1202 3068; x_wconf 90' lang='lat' dir='ltr'>per-</span> 
     </span>
     <span class='ocr_line' id='line_1_26' title="bbox 75 3085 1202 3173; baseline 0.005 -25"><span class='ocrx_word' id='word_1_208' title='bbox 75 3085 176 3154; x_wconf 83' lang='lat' dir='ltr'>mixtae</span> <span class='ocrx_word' id='word_1_209' title='bbox 196 3093 311 3154; x_wconf 89' lang='lat' dir='ltr'>essent.</span> <span class='ocrx_word' id='word_1_210' title='bbox 350 3089 422 3153; x_wconf 92' lang='lat' dir='ltr'>inde</span> <span class='ocrx_word' id='word_1_211' title='bbox 439 3089 523 3153; x_wconf 90' lang='lat' dir='ltr'>enim</span> <span class='ocrx_word' id='word_1_212' title='bbox 539 3089 606 3153; x_wconf 88' lang='lat' dir='ltr'>fieri</span> <span class='ocrx_word' id='word_1_213' title='bbox 622 3092 754 3173; x_wconf 91' lang='lat' dir='ltr'>poterat,</span> <span class='ocrx_word' id='word_1_214' title='bbox 777 3091 813 3152; x_wconf 91' lang='lat' dir='ltr'>ut</span> <span class='ocrx_word' id='word_1_215' title='bbox 828 3088 895 3152; x_wconf 89' lang='lat' dir='ltr'>ueri</span> <span class='ocrx_word' id='word_1_216' title='bbox 911 3089 1070 3170; x_wconf 87' lang='lat' dir='ltr'>scriptoris</span> <span class='ocrx_word' id='word_1_217' title='bbox 1086 3106 1202 3154; x_wconf 91' lang='lat' dir='ltr'>nomen</span> 
     </span>
     <span class='ocr_line' id='line_1_27' title="bbox 74 3189 1202 3276; baseline 0.006 -25"><span class='ocrx_word' id='word_1_218' title='bbox 74 3189 257 3258; x_wconf 88' lang='lat' dir='ltr'>intercideret</span> <span class='ocrx_word' id='word_1_219' title='bbox 272 3198 303 3258; x_wconf 92' lang='lat' dir='ltr'>et</span> <span class='ocrx_word' id='word_1_220' title='bbox 318 3197 427 3276; x_wconf 87' lang='lat' dir='ltr'>postea</span> <span class='ocrx_word' id='word_1_221' title='bbox 443 3194 527 3258; x_wconf 88' lang='lat' dir='ltr'>alind</span> <span class='ocrx_word' id='word_1_222' title='bbox 548 3211 662 3258; x_wconf 89' lang='lat' dir='ltr'>nomen</span> <span class='ocrx_word' id='word_1_223' title='bbox 686 3193 850 3258; x_wconf 88' lang='lat' dir='ltr'>adderetur</span> <span class='ocrx_word' id='word_1_224' title='bbox 874 3211 909 3256; x_wconf 83' lang='lat' dir='ltr'>er</span> <span class='ocrx_word' id='word_1_225' title='bbox 933 3193 1059 3257; x_wconf 88' lang='lat' dir='ltr'>arbitrio</span> <span class='ocrx_word' id='word_1_226' title='bbox 1082 3192 1202 3258; x_wconf 91' lang='lat' dir='ltr'>librarii</span> 
     </span>
     <span class='ocr_line' id='line_1_28' title="bbox 72 3296 1200 3382; baseline 0.005 -26"><span class='ocrx_word' id='word_1_227' title='bbox 72 3299 118 3359; x_wconf 85' lang='lat' dir='ltr'>ant</span> <span class='ocrx_word' id='word_1_228' title='bbox 146 3316 258 3362; x_wconf 92' lang='lat' dir='ltr'>nomen</span> <span class='ocrx_word' id='word_1_229' title='bbox 288 3298 412 3380; x_wconf 87' lang='lat' dir='ltr'>aliquod</span> <span class='ocrx_word' id='word_1_230' title='bbox 442 3299 578 3381; x_wconf 90' lang='lat' dir='ltr'>optimae</span> <span class='ocrx_word' id='word_1_231' title='bbox 609 3303 700 3363; x_wconf 90' lang='lat' dir='ltr'>notae</span> <span class='ocrx_word' id='word_1_232' title='bbox 727 3299 815 3362; x_wconf 87' lang='lat' dir='ltr'>uelut</span> <span class='ocrx_word' id='word_1_233' title='bbox 841 3297 996 3381; x_wconf 92' lang='lat' dir='ltr'>imprimis</span> <span class='ocrx_word' id='word_1_234' title='bbox 1020 3296 1200 3382; x_wconf 79' lang='lat' dir='ltr'>Augustini,</span> 
     </span>
     <span class='ocr_line' id='line_1_29' title="bbox 72 3397 1200 3486; baseline 0.005 -24"><span class='ocrx_word' id='word_1_235' title='bbox 72 3397 227 3484; x_wconf 77' lang='lat' dir='ltr'>Ambrosii,</span> <span class='ocrx_word' id='word_1_236' title='bbox 251 3401 382 3466; x_wconf 83' lang='lat' dir='ltr'>Maximi</span> <span class='ocrx_word' id='word_1_237' title='bbox 398 3401 610 3483; x_wconf 87' lang='lat' dir='ltr'>Taurinensis,</span> <span class='ocrx_word' id='word_1_238' title='bbox 634 3402 747 3467; x_wconf 90' lang='lat' dir='ltr'>Leonis</span> <span class='ocrx_word' id='word_1_239' title='bbox 763 3403 873 3486; x_wconf 87' lang='lat' dir='ltr'>Magni</span> <span class='ocrx_word' id='word_1_240' title='bbox 896 3402 1100 3484; x_wconf 90' lang='lat' dir='ltr'>aliorumque,</span> <span class='ocrx_word' id='word_1_241' title='bbox 1123 3422 1200 3485; x_wconf 91' lang='lat' dir='ltr'>qnos</span> 
     </span>
     <span class='ocr_line' id='line_1_30' title="bbox 72 3507 1199 3590; baseline 0.009 -28"><span class='ocrx_word' id='word_1_242' title='bbox 72 3521 218 3572; x_wconf 75' lang='lat' dir='ltr'>sermones</span> <span class='ocrx_word' id='word_1_243' title='bbox 242 3507 404 3589; x_wconf 88' lang='lat' dir='ltr'>scripsisse</span> <span class='ocrx_word' id='word_1_244' title='bbox 428 3507 557 3586; x_wconf 88' lang='lat' dir='ltr'>sciebat,</span> <span class='ocrx_word' id='word_1_245' title='bbox 581 3507 795 3590; x_wconf 89' lang='lat' dir='ltr'>supponentis,</span> <span class='ocrx_word' id='word_1_246' title='bbox 819 3511 875 3571; x_wconf 89' lang='lat' dir='ltr'>aut</span> <span class='ocrx_word' id='word_1_247' title='bbox 894 3524 1008 3570; x_wconf 90' lang='lat' dir='ltr'>nomen</span> <span class='ocrx_word' id='word_1_248' title='bbox 1030 3507 1199 3590; x_wconf 81' lang='lat' dir='ltr'>scriptoria,</span> 
     </span>
     <span class='ocr_line' id='line_1_31' title="bbox 71 3607 1200 3694; baseline 0.007 -24"><span class='ocrx_word' id='word_1_249' title='bbox 71 3607 141 3687; x_wconf 88' lang='lat' dir='ltr'>quod</span> <span class='ocrx_word' id='word_1_250' title='bbox 167 3611 364 3676; x_wconf 85' lang='lat' dir='ltr'>antecedenti</span> <span class='ocrx_word' id='word_1_251' title='bbox 391 3611 538 3676; x_wconf 92' lang='lat' dir='ltr'>homiliae</span> <span class='ocrx_word' id='word_1_252' title='bbox 560 3611 789 3694; x_wconf 88' lang='lat' dir='ltr'>praescriptum</span> <span class='ocrx_word' id='word_1_253' title='bbox 812 3610 997 3693; x_wconf 87' lang='lat' dir='ltr'>reperiebat,</span> <span class='ocrx_word' id='word_1_254' title='bbox 1028 3611 1100 3676; x_wconf 88' lang='lat' dir='ltr'>huic</span> <span class='ocrx_word' id='word_1_255' title='bbox 1123 3631 1200 3694; x_wconf 89' lang='lat' dir='ltr'>quo-</span> 
     </span>
     <span class='ocr_line' id='line_1_32' title="bbox 71 3715 1198 3799; baseline 0.006 -23"><span class='ocrx_word' id='word_1_256' title='bbox 71 3729 120 3792; x_wconf 89' lang='lat' dir='ltr'>qne</span> <span class='ocrx_word' id='word_1_257' title='bbox 147 3715 352 3782; x_wconf 90' lang='lat' dir='ltr'>obtrudentis.</span> <span class='ocrx_word' id='word_1_258' title='bbox 392 3734 469 3798; x_wconf 87' lang='lat' dir='ltr'>quae</span> <span class='ocrx_word' id='word_1_259' title='bbox 500 3735 571 3780; x_wconf 91' lang='lat' dir='ltr'>cum</span> <span class='ocrx_word' id='word_1_260' title='bbox 601 3717 645 3780; x_wconf 92' lang='lat' dir='ltr'>ita</span> <span class='ocrx_word' id='word_1_261' title='bbox 674 3715 748 3796; x_wconf 88' lang='lat' dir='ltr'>sint,</span> <span class='ocrx_word' id='word_1_262' title='bbox 778 3717 914 3799; x_wconf 90' lang='lat' dir='ltr'>primum</span> <span class='ocrx_word' id='word_1_263' title='bbox 946 3715 1116 3781; x_wconf 88' lang='lat' dir='ltr'>uidendum</span> <span class='ocrx_word' id='word_1_264' title='bbox 1140 3722 1198 3798; x_wconf 88' lang='lat' dir='ltr'>est,</span> 
     </span>
     <span class='ocr_line' id='line_1_33' title="bbox 71 3821 1197 3904; baseline 0.007 -26"><span class='ocrx_word' id='word_1_265' title='bbox 71 3833 135 3882; x_wconf 92' lang='lat' dir='ltr'>num</span> <span class='ocrx_word' id='word_1_266' title='bbox 164 3825 286 3886; x_wconf 81' lang='lat' dir='ltr'>exstent</span> <span class='ocrx_word' id='word_1_267' title='bbox 314 3821 384 3886; x_wconf 92' lang='lat' dir='ltr'>libri</span> <span class='ocrx_word' id='word_1_268' title='bbox 418 3821 623 3904; x_wconf 88' lang='lat' dir='ltr'>manuscripti</span> <span class='ocrx_word' id='word_1_269' title='bbox 657 3821 832 3903; x_wconf 89' lang='lat' dir='ltr'>complures</span> <span class='ocrx_word' id='word_1_270' title='bbox 866 3821 1005 3884; x_wconf 91' lang='lat' dir='ltr'>eiusdem</span> <span class='ocrx_word' id='word_1_271' title='bbox 1041 3822 1197 3903; x_wconf 90' lang='lat' dir='ltr'>scriptoris</span> 
     </span>
     <span class='ocr_line' id='line_1_34' title="bbox 69 3919 1197 4008; baseline 0.005 -24"><span class='ocrx_word' id='word_1_272' title='bbox 69 3919 198 3991; x_wconf 83' lang='lat' dir='ltr'>bondlias</span> <span class='ocrx_word' id='word_1_273' title='bbox 226 3924 420 4005; x_wconf 80' lang='lat' dir='ltr'>exhibentes,</span> <span class='ocrx_word' id='word_1_274' title='bbox 448 3925 561 4007; x_wconf 89' lang='lat' dir='ltr'>quibus</span> <span class='ocrx_word' id='word_1_275' title='bbox 588 3926 669 3989; x_wconf 92' lang='lat' dir='ltr'>inter</span> <span class='ocrx_word' id='word_1_276' title='bbox 697 3943 731 3990; x_wconf 92' lang='lat' dir='ltr'>se</span> <span class='ocrx_word' id='word_1_277' title='bbox 758 3925 878 3989; x_wconf 88' lang='lat' dir='ltr'>collatis</span> <span class='ocrx_word' id='word_1_278' title='bbox 902 3925 1040 4008; x_wconf 87' lang='lat' dir='ltr'>genuina</span> <span class='ocrx_word' id='word_1_279' title='bbox 1062 3927 1197 4008; x_wconf 89' lang='lat' dir='ltr'>corporis</span> 
     </span>
     <span class='ocr_line' id='line_1_35' title="bbox 69 4027 1197 4112; baseline 0.007 -26"><span class='ocrx_word' id='word_1_280' title='bbox 69 4027 218 4095; x_wconf 89' lang='lat' dir='ltr'>cuiusdam</span> <span class='ocrx_word' id='word_1_281' title='bbox 247 4048 428 4094; x_wconf 88' lang='lat' dir='ltr'>sermonum</span> <span class='ocrx_word' id='word_1_282' title='bbox 456 4029 557 4094; x_wconf 86' lang='lat' dir='ltr'>forma</span> <span class='ocrx_word' id='word_1_283' title='bbox 579 4033 635 4094; x_wconf 86' lang='lat' dir='ltr'>aut</span> <span class='ocrx_word' id='word_1_284' title='bbox 658 4030 780 4094; x_wconf 89' lang='lat' dir='ltr'>restitui</span> <span class='ocrx_word' id='word_1_285' title='bbox 803 4033 857 4094; x_wconf 86' lang='lat' dir='ltr'>aut</span> <span class='ocrx_word' id='word_1_286' title='bbox 883 4029 1061 4095; x_wconf 89' lang='lat' dir='ltr'>adumbrari</span> <span class='ocrx_word' id='word_1_287' title='bbox 1086 4029 1197 4112; x_wconf 90' lang='lat' dir='ltr'>possit,</span> 
     </span>
     <span class='ocr_line' id='line_1_36' title="bbox 69 4127 1195 4218; baseline 0.007 -26"><span class='ocrx_word' id='word_1_288' title='bbox 69 4127 93 4192; x_wconf 89' lang='lat' dir='ltr'>id</span> <span class='ocrx_word' id='word_1_289' title='bbox 113 4135 189 4214; x_wconf 86' lang='lat' dir='ltr'>quod</span> <span class='ocrx_word' id='word_1_290' title='bbox 212 4135 245 4199; x_wconf 94' lang='lat' dir='ltr'>in</span> <span class='ocrx_word' id='word_1_291' title='bbox 262 4135 379 4200; x_wconf 83' lang='lat' dir='ltr'>Fausto</span> <span class='ocrx_word' id='word_1_292' title='bbox 403 4137 509 4199; x_wconf 89' lang='lat' dir='ltr'>nostro</span> <span class='ocrx_word' id='word_1_293' title='bbox 525 4134 614 4198; x_wconf 88' lang='lat' dir='ltr'>nobis</span> <span class='ocrx_word' id='word_1_294' title='bbox 630 4134 798 4218; x_wconf 85' lang='lat' dir='ltr'>contigisse</span> <span class='ocrx_word' id='word_1_295' title='bbox 814 4135 996 4218; x_wconf 87' lang='lat' dir='ltr'>gaudemus.</span> <span class='ocrx_word' id='word_1_296' title='bbox 1035 4152 1195 4200; x_wconf 89' lang='lat' dir='ltr'>sermones</span> 
     </span>
     <span class='ocr_line' id='line_1_37' title="bbox 69 4235 1195 4322; baseline 0.005 -24"><span class='ocrx_word' id='word_1_297' title='bbox 69 4235 141 4302; x_wconf 86' lang='lat' dir='ltr'>euim</span> <span class='ocrx_word' id='word_1_298' title='bbox 163 4239 207 4304; x_wconf 93' lang='lat' dir='ltr'>illi</span> <span class='ocrx_word' id='word_1_299' title='bbox 230 4239 331 4319; x_wconf 86' lang='lat' dir='ltr'>latini,</span> <span class='ocrx_word' id='word_1_300' title='bbox 354 4239 417 4322; x_wconf 90' lang='lat' dir='ltr'>qni</span> <span class='ocrx_word' id='word_1_301' title='bbox 440 4239 553 4322; x_wconf 93' lang='lat' dir='ltr'>nulgo</span> <span class='ocrx_word' id='word_1_302' title='bbox 568 4237 729 4302; x_wconf 78' lang='lat' dir='ltr'>Eusebio</span> <span class='ocrx_word' id='word_1_303' title='bbox 745 4237 919 4304; x_wconf 81' lang='lat' dir='ltr'>Emiseno</span> <span class='ocrx_word' id='word_1_304' title='bbox 943 4238 1195 4320; x_wconf 88' lang='lat' dir='ltr'>ascribuntur,</span> 
     </span>
     <span class='ocr_line' id='line_1_38' title="bbox 69 4343 1195 4427; baseline 0.006 -26"><span class='ocrx_word' id='word_1_305' title='bbox 69 4355 246 4427; x_wconf 85' lang='lat' dir='ltr'>quamquam</span> <span class='ocrx_word' id='word_1_306' title='bbox 275 4343 389 4409; x_wconf 86' lang='lat' dir='ltr'>falsum</span> <span class='ocrx_word' id='word_1_307' title='bbox 418 4343 576 4426; x_wconf 87' lang='lat' dir='ltr'>scriptoris</span> <span class='ocrx_word' id='word_1_308' title='bbox 599 4360 714 4407; x_wconf 90' lang='lat' dir='ltr'>nomen</span> <span class='ocrx_word' id='word_1_309' title='bbox 739 4361 775 4406; x_wconf 84' lang='lat' dir='ltr'>ex</span> <span class='ocrx_word' id='word_1_310' title='bbox 798 4343 938 4408; x_wconf 90' lang='lat' dir='ltr'>omnium</span> <span class='ocrx_word' id='word_1_311' title='bbox 963 4343 1100 4406; x_wconf 90' lang='lat' dir='ltr'>uirorum</span> <span class='ocrx_word' id='word_1_312' title='bbox 1124 4343 1195 4408; x_wconf 92' lang='lat' dir='ltr'>doc-</span> 
     </span>
    </p>
   </div>
   <div class='ocr_carea' id='block_1_3' title="bbox 0 0 1464 4928">
    <p class='ocr_par' dir='ltr' id='par_1_5' title="bbox 0 0 1464 4928">
     <span class='ocr_line' id='line_1_39' title="bbox 0 0 1464 4928; baseline 0 6"><span class='ocrx_word' id='word_1_313' title='bbox 0 0 1464 4928; x_wconf 95' lang='lat' dir='ltr'> </span> 
     </span>
    </p>
   </div>
  </div>
 </body>
</html>
