2920 4930
496 423 592 478 Liber
608 425 621 478 I
641 427 749 481 16-17.
1152 427 1194 492 53

67 597 145 678 ditur,
174 599 202 662 si
224 615 299 664 uero
323 599 469 684 indiguis,
493 617 685 682 consequens
713 604 770 681 661,
793 605 830 666 61
852 601 945 665 etiam
969 602 1106 684 reprobis
1132 622 1193 669 nou

67 707 185 787 negetur
205 707 237 768 61
259 703 396 768 66116611
419 705 616 768 miseratione
639 703 763 770 bonitas
786 705 836 770 dei
858 705 1024 770 indiscrete
1048 711 1080 772 et
1102 707 1194 772 iustis

67 809 90 870 61
107 807 324 890 peccatoribus
348 808 504 874 offeratur.
876 889 879 894 Ι

99 910 156 976 Sed
191 912 233 993 is,
267 930 361 994 quem
396 913 546 996 perspicis
581 913 812 994 adtraheutem,
846 915 974 996 requirit
1008 915 1194 980 omnimodis

66 1021 219 1100 praecepta
239 1021 428 1097 seruantem,
453 1021 561 1100 61666
581 1018 738 1100 quandam
759 1019 929 1083 uoluntatis
953 1019 1096 1085 ansulam
1119 1039 1193 1086 oon·
1234 1047 1247 1086 6

66 1120 202 1202 prehendi
225 1125 258 1186 61
279 1121 402 1186 adtrahi
426 1121 539 1202 ualeat,
571 1123 623 1204 qni
650 1126 787 1186 uocatur.
834 1123 915 1204 quod
945 1123 970 1186 61
1002 1143 1073 1188 eum
1102 1127 1193 1207 putas

66 1225 217 1289 adtrahere
241 1225 394 1306 nolentes,
419 1225 546 1290 caelesti
570 1226 707 1290 iustitiae
727 1226 899 1309 iniquitatis
919 1227 1040 1310 pondus
1060 1229 1193 1310 inponis.

66 1328 109 1392 sed
131 1329 157 1392 si
179 1329 340 1393 inuenitur
363 1330 525 1393 adtrahere
548 1331 701 1411 nolentes,
725 1335 840 1413 quanto
864 1332 965 1415 magis
989 1333 1194 1416 conplectitur

66 1431 279 1498 desiderantes!
322 1451 396 1498 uam
419 1433 525 1514 etiam,
548 1435 691 1517 quisine
714 1435 819 1500 labore
844 1436 967 1500 uidetur
991 1437 1123 1518 adtrahi,
1147 1437 1194 1501 la-

66 1535 216 1602 boraturus
241 1541 299 1616 est,
325 1541 362 1602 61
383 1537 544 1602 inhaereat
566 1535 754 1603 adtrahenti'.
801 1540 909 1622 quanti
933 1540 1016 1604 euim
1039 1545 1195 1606 66666661
1220 1569 1246 1610 no

66 1646 89 1704 at
109 1645 311 1722 recessemut,
335 1643 407 1724 quia
429 1643 562 1706 adtracti
584 1643 616 1707 in
639 1643 741 1727 gratia
762 1661 961 1727 perseuerare
985 1644 1193 1710 desideratore

65 1751 181 1812 uocaute
205 1748 383 1826 uoluerunt,
407 1747 543 1812 6166116
567 1748 728 1832 euangelio
751 1748 902 1831 scriptum
925 1753 987 1813 est:
1018 1750 1129 1814 multi
1153 1769 1193 1814 ex

65 1849 250 1934 discipulis
282 1851 361 1915 eius
392 1851 586 1916 audientes
617 1851 793 1917 abierunt
823 1857 1028 1917 retrorsum
1059 1857 1094 1918 et
1121 1854 1193 1918 iam

65 1971 136 2018 cum
156 1955 222 2020 illo
246 1973 318 2022 nou
342 1955 598 2036 ambulabant,
626 1957 718 2020 item:
747 1957 842 2022 dixit
869 1961 990 2021 autem
1014 1956 1121 2022 Iesus
1148 1957 1192 2021 ad

65 2057 256 2124 duodecim:
286 2060 464 2142 numquid
491 2064 617 2125 61666
644 2061 762 2126 661116
790 2061 913 2126 abire?
940 2061 1135 2146 respondit
1161 2063 1193 2126 ei
1221 2089 1246 2129 a

65 2161 198 2228 Petrus:
222 2164 384 2245 domine,
405 2164 448 2229 ad
464 2183 571 2247 quem
592 2165 752 2230 ibimus?
773 2166 885 2231 uerba
900 2166 1002 2230 61166
1018 2169 1192 2230 66166666

65 2265 167 2333 16166
189 2273 310 2333 61666
331 2269 513 2334 credimus
534 2273 570 2334 et
588 2271 846 2353 cognorimus,
867 2271 952 2353 quia
972 2273 1010 2334 tu
1031 2289 1068 2363 es
1090 2269 1193 2336 Chri-

65 2375 134 2436 stus
162 2373 267 2438 iilius
299 2373 366 2438 dei.
411 2373 443 2438 iu
470 2375 609 2456 utrisque
631 2373 732 2438 libera
753 2375 813 2439 1611
834 2375 980 2440 66166166
1009 2375 1191 2455 611611116,

65 2479 93 2539 ut
110 2477 228 2562 ingrata
248 2481 354 2543 moute
374 2477 578 2560 discederent,
602 2480 684 2544 6116
706 2479 786 2560 16116,
809 2483 845 2544 61
864 2498 936 2544 cum
956 2479 1101 2544 libertato
1120 2477 1192 2544 fidei

66 2585 282 2662 permanerent.
1215 2611 1241 2651 ro

570 2757 671 2823 XVII.

66 2895 172 2942 coam
188 2901 261 2960 noo,
282 2899 367 2950 Quom
383 2900 508 2960 DICUNT,
530 2900 605 2950 QUIA
621 2901 1014 2944 6616106666161606666
1034 2902 1188 2960 HOMINEM,

334 2989 376 3030 NB
398 2988 513 3032 baalam
536 2988 662 3030 uanum
686 2989 729 3030 ΔΙ)
753 2989 907 3032 SALUTEM.

100 3102 127 3168 Si
152 3106 234 3188 ipse,
262 3107 298 3170 ut
324 3103 534 3189 blasphemas,
566 3105 712 3187 obdurat,
744 3107 897 3189 quomodo
926 3108 969 3171 611
994 3107 1027 3170 16
1053 3107 1190 3190 psalmo:

65 3203 159 3272 hodie
182 3210 213 3274 si
237 3227 365 3274 uocem
389 3209 468 3274 eius
492 3210 706 3292 audieritis,
734 3211 851 3275 nolite
875 3210 1056 3275 obdurare
1080 3211 1191 3275 corda
1217 3239 1243 3279 ra

66 3317 191 3394 666166,
222 3313 408 3378 etiterum:
440 3315 640 3378 secundum
668 3315 845 3379 duritiam
876 3319 999 3380 autem
1027 3319 1129 3380 tuam
1157 3319 1192 3380 61

64 3413 293 3498 inpoenitens
316 3436 377 3482 666
396 3418 632 3483 11666661666
655 3419 725 3483 1111
747 3419 838 3484 iram
862 3419 899 3484 in
920 3419 977 3483 die
999 3420 1090 3500 irae,
1114 3421 1190 3484 item

65 3517 89 3582 16
114 3521 284 3588 Hieremia:
317 3523 541 3606 percussisti
573 3541 634 3588 eos
665 3527 701 3588 61
730 3541 801 3588 666
832 3523 1046 3604 doluerunt,
1079 3524 1190 3589 adtri-

65 3625 143 3690 uisti
163 3646 225 3693 eos
249 3631 287 3692 61
308 3631 540 3693 6666666661
564 3629 732 3712 66616666
756 3629 1005 3713 disciplinam.
1044 3629 1191 3694 indura-

66 3731 323 3796 666661166166
348 3749 433 3796 suas
458 3751 567 3815 66666
589 3736 732 3816 petram
756 3737 792 3798 ot
814 3735 1015 3798 uoluerunt
1037 3733 1187 3798 6666611.
1216 3759 1242 3800 eo

155 3927 303 3998 1616666.
317 3931 343 3994 6,
356 3931 397 3984 67.
453 3929 497 3999 14]
510 3929 601 3984 16666.
615 3933 640 3994 6,
653 3933 694 3987 68.
748 3931 793 4000 25]
807 3931 996 3995 Ρ66166.91,8.
1050 3931 1185 4000 domem.

66 4011 117 4076 15,
166 4015 211 4084 18]
229 4015 325 4070 larem.
339 4019 363 4082 t,
375 4019 399 4074 3.

102 4195 321 4266 hconpraehendi
335 4198 363 4252 P
416 4197 621 4256 lbinhereatP
673 4202 703 4255 ll
723 4199 871 4253 desiderare
886 4201 913 4256 P
967 4203 998 4256 18
1015 4199 1149 4267 utrisquae
1163 4200 1190 4254 P

68 4277 95 4332 ‘22
110 4279 223 4338 indueret
241 4286 269 4342 P
338 4285 383 4354 24]
406 4284 588 4356 blasphemas]
611 4285 782 4356 blasphemus
805 4287 865 4341 uult
888 4305 903 4342 o
972 4289 1006 4342 28
1028 4286 1143 4340 atrinisti
1165 4287 1191 4344 P

68 4362 95 4418 30
110 4383 214 4438 cupreo
273 4369 415 4428 66166666
