2954 4930
266 433 330 497 316
706 429 770 485 ΠΗ.
790 430 900 484 Sermo
918 431 959 486 23.

309 607 455 690 Ideoque,
478 608 590 670 fratres
613 605 777 686 carissimi,
801 623 880 686 quae
904 605 942 668 ad
964 603 1209 668 aedificationem
1237 604 1394 687 pertinent,

267 731 304 778 ec
326 712 358 776 in
383 711 482 776 medio
505 711 597 794 positi
624 727 716 794 agere
747 709 939 790 studeamus
970 727 1009 772 nc
1040 709 1107 772 uita
1136 711 1243 773 nostra
1273 708 1394 773 aliorum

266 815 436 880 uirtutibus
466 818 578 879 noceat
605 819 637 879 et
659 833 698 878 ne
721 814 853 878 aliorum
875 814 1030 878 feruorem
1053 817 1140 896 tepor
1163 815 1269 876 noster
1295 811 1395 876 debili·

130 1001 133 1007 ,
265 924 311 985 tet
334 924 365 984 et
388 939 428 983 ne
451 919 584 983 eliorum
606 919 791 1001 patientiam
814 921 921 982 nostra
943 918 1102 982 iracundia
1128 917 1234 996 uiolet,
1262 935 1300 980 ne
1327 915 1394 980 alio·

228 1051 241 1090 s
267 1044 338 1089 rum
360 1023 570 1088 humilitatem
594 1021 741 1105 superbie
763 1025 870 1087 nostra
885 1023 1043 1105 deprauet,
1066 1040 1106 1086 ne
1122 1021 1252 1086 aliorum
1267 1020 1394 1102 pulchri·

266 1128 407 1192 tudinem
433 1127 564 1192 foeditas
592 1131 700 1192 nostra
727 1127 928 1206 contaminet,
957 1145 996 1190 ne
1022 1125 1154 1189 eliorum
1182 1125 1325 1188 ardentes
1347 1143 1391 1187 er·

267 1233 466 1316 stinguamus
496 1232 669 1316 lampades
704 1231 731 1295 si
765 1234 887 1294 nostrus
921 1230 1097 1294 illuminare
1130 1246 1193 1294 uon
1226 1247 1392 1312 possumus.

267 1340 299 1401 et
322 1337 449 1418 quidem
470 1336 542 1400 illae
565 1336 670 1400 fatuae
693 1335 841 1419 uirgines,
865 1331 1038 1416 quamlibet
1060 1333 1175 1397 stultae
1199 1335 1311 1413 essent,
1338 1350 1391 1396 non

267 1445 333 1506 tem
356 1441 475 1506 alienas
499 1440 695 1524 exstinguere
718 1439 879 1523 lampades
903 1456 995 1520 quem
1020 1455 1094 1502 suas
1109 1437 1284 1501 illuminare
1298 1437 1392 1518 cupie-

216 1573 241 1612 ro
266 1545 352 1611 bant.
385 1549 416 1610 et
437 1545 506 1610 ideo
529 1545 569 1610 ad
591 1545 724 1609 istarum
747 1543 994 1626 similitudinem,
1025 1542 1052 1606 si
1079 1542 1129 1606 cni
1151 1543 1293 1606 nostrum
1314 1541 1392 1605 deest

267 1651 474 1734 pinguissime
503 1649 605 1734 gratia
638 1648 823 1713 humilitatis
857 1651 889 1712 et
918 1648 945 1711 si
974 1647 1063 1712 deest
1092 1645 1174 1730 iguis
1207 1644 1279 1710 fidoi
1310 1649 1342 1709 et
1370 1645 1392 1708 si

266 1754 395 1819 flamme
418 1754 549 1818 feruoris
573 1753 653 1817 etsi
676 1753 780 1817 oleum
803 1751 940 1816 caritatis
964 1751 1044 1815 etsi
1066 1751 1174 1814 lumen
1197 1749 1392 1827 discretionis,

267 1860 375 1925 ueniat
398 1859 437 1923 sd
461 1877 523 1939 eos,
555 1875 631 1940 quos
659 1858 760 1942 magis
788 1855 947 1921 abundare
975 1855 1179 1938 perspexerit,
1209 1858 1242 1919 et
1270 1854 1391 1938 gretiam

268 1965 300 2028 in
323 1983 357 2028 se
382 1981 399 2028 a
421 1963 568 2046 proximis
592 1979 654 2026 non
678 1961 856 2041 auferendo,
887 1961 943 2024 sed
969 1959 1118 2024 imitando
1147 1959 1343 2024 transfundet
1366 1961 1392 2020 et

217 2093 240 2134 re
268 2069 351 2133 bona
379 2067 584 2152 possessionis
615 2067 735 2130 alienae
768 2083 828 2130 non
852 2065 953 2129 solum
977 2065 1044 2128 sine
1067 2065 1192 2146 damno,
1224 2065 1278 2128 sed
1306 2063 1391 2127 etiam

268 2191 340 2238 cum
356 2173 442 2236 lucro
457 2171 663 2254 possessionis
680 2170 816 2234 inuadat.
856 2187 1028 2252 numquam
1052 2171 1135 2234 euim
1159 2171 1256 2233 sentit
1276 2167 1391 2232 luminis

267 2277 417 2340 damnum
441 2276 594 2358 plurimus
617 2277 699 2358 ignis
721 2293 869 2338 accensus
893 2292 950 2338 nee
973 2274 1087 2338 minuit
1109 2273 1183 2338 solis
1205 2273 1307 2337 lucem
1327 2289 1391 2334 oon·

268 2380 471 2444 siderantium
506 2380 683 2444 multitudo.
730 2379 837 2461 quanti
872 2379 910 2442 ad
941 2397 1013 2442 eum
1047 2379 1273 2462 perspexerint,
1305 2375 1391 2442 tantis

267 2501 398 2548 munera
431 2502 489 2548 sne
522 2485 698 2548 commodat
733 2487 764 2547 et
796 2483 862 2566 ipse
895 2485 1003 2548 tamen
1033 2501 1156 2566 semper
1186 2485 1305 2567 integer
1331 2499 1391 2564 pex-

109 2663 112 2672 ,
216 2615 241 2656 so
268 2591 398 2653 seuerst.

309 2691 480 2756 Benedicta
503 2711 522 2756 a
544 2693 601 2756 deo
623 2693 677 2756 illa
699 2692 803 2755 anima
826 2695 884 2772 est,
908 2693 995 2756 cuius
1011 2691 1172 2756 humilitas
1189 2691 1311 2756 alterius
1326 2707 1391 2752 con-

266 2796 370 2862 fundit
386 2797 576 2881 superbiam,
599 2797 686 2860 cuius
701 2795 854 2878 patientia
868 2795 1000 2878 proximi
1016 2795 1185 2879 exstinguit
1202 2793 1390 2868 iracundiam,

266 2903 353 2966 cuius
376 2901 571 2966 oboedientia
593 2901 753 2985 pigritiem
770 2900 897 2964 alterius
913 2900 1007 2964 tacite
1022 2900 1171 2982 increpat,
1196 2899 1284 2963 cuius
1298 2898 1391 2962 feruor

266 3006 412 3070 inertium
443 3005 536 3069 elicui
568 3005 682 3088 teporis
713 3004 897 3085 exsuscitat,
932 3003 984 3086 qui
1014 3003 1146 3087 proximi
1176 3004 1225 3068 sui
1254 3021 1323 3085 prae
1351 3000 1391 3064 irs

216 3137 241 3178 ss
267 3109 429 3175 turbatum
452 3111 576 3174 oculum
600 3109 700 3174 cordis
715 3109 817 3192 gretia
832 3109 1052 3173 consolationis
1072 3111 1166 3190 utque
1183 3103 1390 3172 aedificationis

266 3214 431 3278 illuminat.
472 3215 582 3277 melius
613 3217 661 3278 est
690 3213 763 3277 hnic
791 3231 883 3295 quem
915 3213 971 3294 illi,
1002 3213 1053 3295 qui
1083 3213 1213 3277 fratrem
1241 3210 1390 3297 paululum

267 3317 306 3381 ab
333 3317 437 3399 aliquo
465 3317 684 3382 contristatum
708 3335 770 3381 non
793 3321 900 3381 tamen
923 3317 1038 3382 solacio
1061 3335 1118 3382 suo
1139 3321 1281 3399 porrecte
1305 3331 1390 3379 manu

267 3439 329 3486 non
353 3419 507 3502 subleuat,
531 3421 586 3485 sed
609 3421 796 3486 titubantem
821 3422 903 3486 sicut
924 3422 1075 3504 parietem
1097 3421 1282 3486 inclinatum
1304 3419 1391 3484 rnule

266 3525 442 3608 loquiorum
465 3526 603 3608 impulsu
627 3525 756 3590 adiuuet
779 3525 817 3590 ad
839 3526 963 3590 ruinam
987 3528 1018 3590 et
1044 3525 1211 3590 sulubriter
1233 3544 1287 3608 pro
1308 3521 1391 3586 disci-

214 3657 241 3698 eo
266 3629 370 3712 plinae
400 3629 520 3694 ratione
550 3633 722 3694 correctum
752 3648 807 3712 per
838 3630 965 3695 sinistra
991 3629 1121 3694 consilis
1147 3629 1193 3694 sio
1222 3630 1333 3707 incitet,
1362 3629 1390 3687 ut

267 3733 384 3814 allidat,
409 3735 453 3798 sic
477 3737 587 3814 mmet,
610 3738 647 3798 ut
668 3734 812 3815 perimat.
1351 3721 1361 3727 ’

309 3940 388 3995 2uia
411 3939 448 3995 Oc
516 3941 579 3994 let
597 3956 629 3994 ne
647 3941 682 4008 A,
702 3955 784 3996 neoc
849 3944 869 3996 ·5
892 3943 920 3995 ct
937 3957 969 3994 ne
988 3943 1015 3996 A
1085 3939 1232 4010 Bstultse]
1256 3938 1339 3993 istunc
1359 3935 1392 3990 Cs

265 4029 390 4082 9tamen
412 4027 450 4082 Oc
502 4027 593 4097 quum]
613 4027 658 4081 sed
679 4027 718 4083 Oc
772 4030 803 4083 ll
817 4027 1281 4096 sdessuccaametmeeqaemm
1296 4041 1343 4081 om.
1359 4021 1392 4077 Cr

267 4114 501 4183 13prospexerito
553 4117 580 4168 et
592 4133 672 4170 oneo
725 4117 757 4170 16
769 4115 927 4184 possesoris
944 4113 981 4170 Oc
1035 4117 1066 4170 17
1080 4113 1205 4183 plurimis
1222 4115 1258 4170 (lc
1306 4113 1336 4167 21
1350 4107 1392 4162 ills

265 4199 354 4254 anima
371 4203 412 4254 est
430 4217 446 4253 a
463 4200 512 4254 deo
534 4201 572 4256 Oo
641 4203 674 4256 22
692 4201 817 4271 proximi]
836 4200 946 4255 alterius
968 4201 1005 4257 Uo
1073 4202 1108 4256 23
1125 4202 1207 4255 tacite
1225 4218 1274 4257 om*
1287 4200 1319 4268 13,
1336 4201 1392 4252 cais

265 4285 374 4342 alterius
392 4289 526 4344 testatio
547 4287 584 4344 Oc
655 4287 729 4341 cuius
747 4287 1022 4343 feruor-exsuscitat
1043 4289 1108 4344 add.
1125 4289 1154 4343 Β
1171 4290 1202 4344 in
1220 4304 1300 4358 morp.
1316 4285 1390 4353 inser,

264 4376 299 4431 28
316 4391 370 4429 non
388 4376 480 4432 om.B
533 4375 591 4446 sed]
610 4377 637 4430 et
654 4375 718 4434 odd.
732 4377 759 4432 A
812 4379 846 4432 30
864 4379 969 4448 etpost
987 4375 1081 4432 allidet
1098 4377 1203 4433 adun
