2924 4924
537 435 600 488 1111,
621 435 729 488 Sermo
749 437 787 490 15.
1166 433 1229 497 283

84 611 250 676 redditura
280 616 336 676 est.
383 613 437 691 ita,
468 613 606 693 iuquam,
638 629 765 675 necesse
797 615 845 674 est
875 629 967 694 super
995 611 1076 674 hanc
1106 610 1229 674 unicam

84 717 259 780 criminum
280 716 384 800 gladio
406 716 602 780 interfectam
619 735 690 780 oum
706 717 811 799 rugitu
835 719 867 780 et
888 715 1008 799 gemitu
1030 717 1131 778 totum
1154 733 1230 798 pou-

85 823 147 885 dus
173 821 291 886 effundi
315 821 437 902 doloriS,
462 821 488 884 si
511 821 590 886 forte
613 821 713 903 possit
735 820 935 884 lacrimarum
957 819 1105 884 lomentis
1128 837 1163 883 ac
1179 837 1230 883 ca-

83 927 153 992 lore
176 925 249 990 fidei
273 927 423 990 suscitari.
470 925 666 989 accendenda
688 929 736 989 est
759 925 953 1008 conpunctio,
981 923 1230 988 corroborandae

84 1035 164 1095 sunt
192 1049 299 1112 preces
323 1030 420 1094 futuri
441 1029 652 1094 recordatione
675 1029 788 1093 iudicii.
825 1029 978 1093 audienda
1000 1033 1049 1092 est
1071 1047 1144 1092 uero
1167 1028 1230 1093 Da·
1268 1058 1281 1096 a

85 1135 180 1200 nielis
204 1135 374 1218 prophetae
398 1135 564 1214 sententie,
589 1134 642 1198 sed
666 1135 820 1198 audienda
842 1133 1055 1198 oboedientiae
1080 1151 1162 1214 aure,
1187 1134 1231 1198 di-

84 1240 205 1304 centis:
238 1239 379 1322 accipe,
411 1240 571 1320 inquito
598 1258 674 1319 rex,
705 1239 904 1302 consilium
936 1257 1053 1302 meum
1087 1243 1121 1302 et
1150 1257 1230 1320 pec·

84 1349 172 1409 cata
197 1349 260 1408 tua
283 1344 502 1426 elimosynis
526 1361 729 1426 pauperum
752 1343 900 1407 redime.
936 1344 1111 1426 exemplum
1136 1344 1230 1407 etiam

84 1450 172 1514 illius
196 1449 256 1512 uiri
281 1449 452 1532 euangelici
479 1451 523 1513 ita
551 1453 598 1513 est
624 1447 813 1512 audiendum
836 1450 1019 1532 quaesiuere
1047 1465 1102 1531 pro
1125 1441 1232 1512 nostra

83 1553 304 1635 redemptione
327 1553 554 1636 conscriptum:
586 1571 669 1616 ecce
700 1553 894 1616 dimidium
925 1552 1104 1617 bonorum
1137 1571 1230 1617 meo·
1258 1581 1283 1620 to

85 1677 183 1738 rum,
212 1657 373 1738 domiue,
402 1657 444 1720 do
466 1657 710 1741 pauperibuS‚
738 1658 776 1720 de
800 1657 912 1739 quihus
934 1659 966 1721 in
990 1658 1150 1740 euangelio
1176 1675 1227 1721 au·

86 1763 226 1826 diuimus
254 1763 415 1826 dominum
445 1761 596 1826 ineffabili
628 1763 807 1845 dignatione
838 1765 869 1825 et
899 1762 1028 1826 caritate
1059 1762 1229 1827 dicentem:

86 1869 150 1950 qui
174 1869 266 1931 fecit
295 1869 356 1930 uni
390 1885 429 1930 cx
459 1868 516 1930 his
547 1867 726 1947 minimis,
757 1866 847 1930 tecit
878 1868 977 1930 mihi.
1023 1885 1102 1948 quae
1133 1867 1230 1932 uerba

86 1973 332 2054 elimosynamm
358 1971 447 2036 nobis
469 1972 589 2036 fructus
613 1973 737 2036 caelesti
760 1972 944 2036 auctoritate
967 1971 1196 2036 commendant.

130 2075 192 2141 Sed
216 2077 304 2156 torte,
336 2077 458 2158 quando
486 2077 523 2139 de
555 2077 736 2159 elimosynis
765 2077 932 2158 loquimur,
963 2081 1148 2158 expauescat
1175 2095 1230 2140 an·
1257 2102 1282 2142 ra

86 2187 181 2266 gusta
204 2187 371 2265 paupertas
388 2185 419 2244 et
434 2182 516 2245 dicat
532 2201 564 2244 se
581 2201 641 2245 non
665 2181 791 2259 haltere,
815 2181 896 2262 quod
919 2181 1019 2264 possit
1040 2181 1229 2264 pauperibus

86 2305 225 2370 erogare.
261 2303 353 2350 nemo
382 2286 465 2349 enim
495 2306 529 2350 er
560 2287 618 2349 hac
645 2305 678 2348 rc
714 2305 747 2348 se
776 2286 891 2368 poterit
917 2303 1077 2364 excusare,
1105 2285 1229 2366 quando

86 2390 232 2455 dominus
264 2390 457 2454 redditurum
488 2410 520 2454 se
551 2389 725 2454 mercedem
759 2407 814 2472 pro
847 2391 941 2454 calice
971 2407 1069 2471 aquae
1099 2389 1228 2473 frigidae

87 2501 213 2559 tantum
233 2496 419 2577 repromisit,
443 2499 475 2559 et
489 2495 625 2574 uiduam,
649 2513 728 2577 quae
752 2495 827 2558 duos
851 2513 996 2560 nummos
1019 2496 1050 2558 iu
1074 2495 1229 2577 gazophy-

86 2601 165 2664 lacio
183 2600 322 2679 miserat,
346 2600 554 2664 conlaudauit.
584 2600 661 2663 deus
683 2603 787 2663 autem
811 2603 1000 2664 nosternon
1024 2599 1113 2682 copia
1134 2599 1228 2684 largi·
1255 2625 1280 2664 ao

86 2705 174 2783 tatic,
200 2705 253 2768 sed
276 2704 495 2769 beneuolentia
517 2705 656 2788 pascitur
678 2705 848 2787 largientis.

129 2809 197 2892 llgo
221 2813 326 2873 autem
353 2815 438 2892 puto,
467 2809 627 2890 carissimi,
656 2809 737 2891 quod
765 2809 833 2873 ideo
857 2809 1000 2872 dominus
1023 2813 1128 2872 noster
1151 2827 1228 2890 pau·

87 2933 177 2995 peres
202 2913 234 2976 iu
257 2913 315 2978 hoc
339 2914 455 2978 mundo
472 2933 539 2978 esse
563 2914 750 2998 permiserit,
774 2919 809 2977 ut
832 2913 862 2977 in
885 2912 1074 2996 pauperibus
1095 2914 1227 2976 diuitum

86 3017 180 3081 tidem
205 3017 351 3101 probaret
374 3019 424 3082 uel
441 3019 473 3082 iu
496 3037 669 3102 pauperum
693 3017 903 3082 misericordia
926 3017 1076 3081 diuitibus
1100 3018 1228 3081 misere-

86 3129 182 3202 retur,
207 3127 242 3186 ut
258 3122 489 3187 abundantibus
505 3122 579 3187 boui
595 3123 696 3206 operis
720 3141 756 3186 ac
771 3122 992 3206 redemptionis
1010 3141 1084 3186 suae
1107 3123 1227 3186 occasio
1254 3148 1279 3186 aa

193 3313 220 3382 7]
240 3313 400 3377 Datame.
456 3313 499 3382 lo]
519 3312 582 3366 Luc.
599 3315 637 3376 lo,
651 3317 675 3369 8.
736 3313 779 3382 13]
798 3313 894 3366 llatth.
908 3316 949 3376 25,
962 3315 1004 3368 to.
1068 3313 1111 3382 18]
1131 3313 1227 3368 Motth.

88 3404 127 3464 lo,
141 3403 183 3456 la.
241 3400 284 3469 19]
304 3399 383 3454 liare.
400 3403 440 3467 12,
453 3403 495 3454 la.

129 3583 299 3638 deremium
323 3583 351 3637 D
421 3581 577 3651 3doloris'l!
600 3583 629 3637 D
698 3583 865 3638 lauscitam
884 3584 913 3638 D
983 3583 1181 3638 conroboraude
1200 3587 1228 3639 D

86 3676 101 3726 Γ)
120 3669 203 3724 iudici
222 3671 259 3738 D,
279 3675 357 3738 atqua
376 3669 618 3724 misericordiarum
637 3669 760 3739 operibus
779 3670 946 3724 adiuuandae
965 3672 1027 3726 add.
1047 3675 1117 3742 Aug.
1182 3673 1227 3724 da·

86 3756 164 3828 uiglis
184 3757 214 3812 D
276 3755 492 3812 doboodieutiae
511 3759 591 3827 Auy,
611 3756 761 3810 obedientia
779 3759 809 3812 D
866 3757 993 3826 linquid
1012 3760 1041 3813 D
1094 3757 1227 3827 Selymo·

86 3843 151 3898 siuis
171 3845 201 3898 D
254 3843 358 3896 redeme
377 3844 406 3898 D
467 3845 666 3913 deunangelici
685 3845 715 3899 D
769 3847 801 3900 10
820 3845 852 3898 cle
871 3845 958 3898 medio
977 3847 1006 3900 D
1070 3849 1098 3901 11
1120 3845 1151 3898 dc
1170 3846 1227 3914 qui·

86 3929 134 3983 bus
154 3932 184 3986 D
202 3933 243 3986 bie
310 3933 340 3986 11
361 3929 531 3985 elimosinard
550 3933 579 3986 D
646 3935 676 3986 15
695 3931 847 4000 elymosinis
866 3934 895 3987 D
954 3937 985 3988 16
1004 3939 1031 3986 ct
1049 3932 1227 3987 dicat—cou-

87 4015 218 4087 laudauit]
243 4033 295 4071 uon
319 4017 356 4070 ita
379 4024 426 4082 est,
450 4019 587 4072 carissimi.
619 4019 771 4072 meminerit
793 4019 881 4088 potius
900 4036 960 4074 aera
984 4020 1088 4072 ruiuuta
1111 4019 1226 4074 diuitum

88 4129 217 4183 thesauris
230 4129 311 4183 fuisse
324 4131 451 4200 praelata,
464 4132 526 4199 quia
539 4135 609 4202 Aup.
657 4135 688 4188 17
702 4098 792 4201 er⁰garc
806 4134 835 4187 D
888 4149 1022 4186 excussare
1036 4135 1065 4187 D
1120 4133 1226 4188 181111-

89 4215 204 4271 diturum
232 4221 339 4288 scripsi,
367 4218 505 4272 rodidurus
533 4221 562 4274 D
633 4220 775 4274 mercidem
800 4221 829 4275 D
900 4221 995 4288 frigide
1018 4239 1051 4275 eur
1073 4221 1170 4274 iridido
1199 4223 1227 4277 D

89 4307 119 4358 19
137 4303 331 4372 gnatilaciol)
384 4307 415 4360 21
435 4305 618 4360 beneuolentie
632 4309 661 4362 D
713 4309 746 4363 24
765 4308 934 4362 misereretur
946 4310 1015 4379 Aap,
1070 4311 1104 4364 25
1123 4307 1226 4364 haloan-

88 4389 212 4448 dautibus
231 4393 260 4450 D
312 4393 428 4448 occassio
447 4394 476 4448 D
