2954 4930
649 399 714 453 IIII.
735 399 842 452 Sermo
861 401 902 454 26.

719 627 833 692 XXVI.

552 770 654 812 SEBHO
677 772 720 812 Dh'·
744 769 1001 819 QUADRAGBSIM.

252 889 415 952 Permotoe
447 905 515 952 esse
545 905 602 952 uos
632 888 732 968 credo,
764 887 876 952 iratres
900 887 1105 967 dilectissimi,
1135 905 1190 950 cnr
1221 886 1259 949 ad
1292 903 1346 948 su·

209 993 363 1075 periorem
387 992 574 1056 dominicam
596 992 806 1075 percurrimus
830 995 872 1072 et,
900 977 971 1056 oum
994 991 1083 1056 hodie
1106 991 1147 1055 sit
1170 991 1236 1054 eius
1259 1007 1347 1054 exor-

170 1125 183 1164 ε
210 1097 308 1175 diurn,
331 1115 385 1159 our
408 1097 614 1160 lestiuitatem
638 1097 705 1160 eius
729 1099 800 1160 ante
823 1115 919 1160 unam
938 1095 1165 1160 hebdomadam
1189 1094 1346 1158 celebrem

210 1201 412 1283 coeperimus.
446 1201 630 1282 reprehendi
646 1219 708 1265 non
723 1205 828 1285 potest
847 1201 1024 1266 obseruatio
1046 1202 1107 1265 ista
1128 1219 1344 1284 praepropera

210 1304 383 1369 deuotionis
407 1305 489 1368 anim
513 1305 660 1370 iudicium
691 1309 739 1370 est
760 1305 845 1389 prins
868 1307 970 1390 legem
1000 1305 1126 1388 exsequi
1148 1323 1243 1387 quam
1266 1303 1345 1388 legis

211 1411 534 1492 statuta'ooguoacere
550 1412 581 1472 et
602 1413 674 1473 aute
697 1409 841 1474 oboedire
857 1409 1040 1493 praeceptis,
1062 1427 1157 1492 quam
1180 1408 1347 1472 oboedien-

211 1513 273 1576 tiae
296 1517 462 1596 praecepta
483 1514 681 1596 compellant.
720 1514 796 1578 illud
813 1514 897 1578 euim
920 1514 1034 1578 amoris
1058 1518 1116 1594 est,
1139 1513 1199 1577 hoc
1214 1512 1345 1592 timoris,

161 1645 185 1684 ιο
211 1617 268 1681 hoc
291 1616 476 1698 imperatiue
499 1617 642 1700 exigitur,
673 1618 749 1682 illud
772 1619 914 1702 religiose
945 1619 1092 1698 defertur,
1123 1617 1175 1681 hic
1205 1616 1346 1680 debiturn

211 1721 352 1802 soluitur,
376 1721 420 1785 ibi
442 1723 558 1786 donum
581 1723 720 1787 muneris
737 1723 907 1788 exhibetur.
943 1723 1024 1786 unde
1047 1726 1079 1786 et
1093 1741 1149 1786 nos
1165 1721 1347 1804 religiosum

211 1845 325 1890 munus
349 1827 544 1890 exhibuimus
568 1826 636 1908 deo,
660 1828 735 1891 dum
750 1827 885 1911 amplius
907 1827 1125 1891 ieiunauimns.
1160 1825 1347 1908 reprehendi

211 1931 295 1994 enim
318 1949 380 1995 non
403 1933 507 2014 potest
528 1931 677 1996 testinata
699 1932 862 1996 lestiuitas.
909 1951 1031 2014 semper
1054 1930 1137 1995 enim
1164 1931 1196 1994 in
1223 1929 1347 2013 gaudiis

96 2091 101 2100 ,
211 2035 414 2099 sollemnitati
438 2038 511 2099 uota
532 2037 740 2118 praeueniuut
762 2039 793 2100 et
814 2036 953 2100 futuram
976 2035 1129 2100 laetitiam
1149 2035 1272 2097 deuotio
1295 2053 1348 2096 ex-

160 2164 184 2203 n
211 2142 316 2222 optata
339 2139 498 2222 anticipat.
545 2157 607 2204 non
630 2141 732 2204 solum
761 2141 855 2224 igitur
882 2158 943 2204 non
971 2137 1265 2224 reprehensibiliter,
1292 2137 1349 2200 sed

211 2245 242 2307 et
265 2247 354 2307 caute
377 2243 494 2307 factum
519 2247 575 2308 est.
622 2263 745 2328 semper
768 2245 852 2308 enim
875 2245 907 2308 in
930 2243 1023 2308 rebus
1047 2241 1202 2327 ambiguis
1225 2245 1349 2324 oportet

211 2346 322 2410 addere
346 2347 462 2429 aliquid
484 2348 619 2430 amplius
643 2349 681 2412 ad
709 2349 873 2429 cautelam,
905 2349 986 2430 quia,
1015 2348 1096 2429 qnod
1124 2350 1172 2411 est
1201 2347 1348 2429 amplius,

210 2450 306 2513 recidi
327 2454 440 2533 potest,
468 2452 549 2533 quod
572 2452 686 2533 minus,
714 2470 776 2516 non
799 2455 901 2533 potest
923 2452 1110 2536 prolongari,
1134 2452 1214 2515 sicut
1237 2451 1269 2513 in
1289 2451 1349 2513 hac

211 2553 429 2618 obseruatione
457 2555 655 2619 factumest.
703 2575 786 2635 nam,
815 2556 896 2638 quod
923 2559 1048 2639 propter
1075 2555 1349 2638 quadragesimam

158 2683 184 2722 so
211 2657 281 2740 plus
304 2657 521 2739 ieiunauimuS,
545 2677 607 2724 nou
623 2660 792 2724 minuimus
814 2660 1096 2744 quadragesimam,
1120 2661 1242 2742 integra
1263 2659 1348 2722 enirn

211 2760 300 2826 nobis
331 2766 447 2826 manet.
494 2764 601 2845 quodsi
633 2765 735 2828 minus
765 2765 1003 2844 ieiunassemus,
1035 2783 1054 2828 a
1084 2781 1213 2828 numero
1244 2761 1350 2825 redin-

210 2869 333 2950 tegrare
357 2883 427 2930 eam
450 2885 511 2930 non
534 2871 712 2951 poteramus
736 2869 774 2932 ad
798 2887 974 2932 nnmerum.

254 2969 314 3036 Sed
337 2970 468 3035 fortasse
491 2971 567 3035 illud
594 2973 626 3035 in
649 2989 743 3036 causa
766 2977 824 3054 est,
851 2991 905 3036 our
931 2972 1093 3052 ieiunium,
1123 2971 1207 3054 qnod
1229 2971 1351 3035 ieiuna·
1469 2947 1470 3012 Ὗ

211 3075 325 3156 dimne,
350 3093 411 3139 non
435 3075 576 3158 proficiat
599 3075 689 3140 nobis
713 3077 751 3140 ad
774 3077 1055 3160 quadragesimam.
1092 3075 1232 3159 proficiet
1255 3077 1351 3158 plane

157 3203 183 3244 re
211 3179 310 3260 nobie,
342 3180 424 3260 quia,
456 3179 515 3244 etei
543 3197 605 3244 non
632 3180 753 3262 prolicit
781 3181 819 3244 ad
847 3181 1129 3264 quadragesimam,
1159 3180 1282 3264 prolicit
1310 3181 1351 3243 ad
1469 3229 1470 3232 η

210 3283 356 3362 salutern,
389 3283 415 3346 si
445 3301 507 3347 non
536 3282 659 3365 prolicit
689 3285 727 3347 ad
757 3302 933 3366 numerum,
967 3283 1090 3366 proficit
1120 3285 1157 3348 ad
1189 3283 1349 3348 meritum.

210 3386 259 3449 cui
289 3387 372 3450 enirn
403 3405 552 3468 umquam
583 3405 644 3452 uon
673 3389 790 3470 proluit
819 3407 917 3469 orare,
949 3388 1063 3472 legere,
1095 3388 1252 3452 ieiunare?
1299 3391 1350 3452 cni

210 3508 272 3554 non
294 3490 411 3571 proluit
441 3491 581 3572 castitas,
613 3491 775 3573 sobrietas,
806 3492 1035 3556 mansuetudo?
1081 3493 1142 3556 nisi
1173 3493 1254 3574 quod
1277 3493 1350 3557 illos

253 3647 269 3700 2
292 3647 550 3702 maraticam
573 3647 604 3700 ia
628 3647 718 3702 eodem
739 3647 808 3703 libro
831 3648 1017 3716 maaser-ipa
1039 3647 1088 3714 (P)
1114 3663 1167 3715 quo
1194 3647 1351 3702 mundam

209 3732 351 3799 sol.110·;
365 3733 487 3802 priorem
505 3734 636 3789 samonis
649 3739 758 3803 portam
774 3751 858 3804 unque
875 3734 913 3788 ad
921 3751 950 3802 p.
962 3736 1022 3800 329,
1038 3738 1070 3788 13
1088 3749 1141 3786 non
1154 3732 1231 3786 nouit
1242 3733 1353 3790 Amana

168 3857 172 3870 .
211 3819 377 3875 Pariaiensta
390 3821 462 3887 (121,
474 3823 526 3876 742
538 3821 590 3886 Μ.)
602 3821 705 3875 exhibet
717 3821 747 3874 ia
760 3821 829 3876 libro
842 3821 973 3875 adrem
984 3821 1101 3875 &ueros
1113 3838 1133 3874 c.
1148 3823 1207 3888 176,
1215 3821 1352 3889 moereo

210 3922 265 3959 rem
284 3907 436 3961 Docherios
455 3907 540 3961 edidit
558 3907 589 3960 in
609 3907 755 3978 Spicileqio
774 3909 851 3974 (Por.
865 3907 944 3974 1723)
963 3907 984 3961 I
1000 3911 1066 3975 215;
1087 3906 1153 3960 item
1171 3922 1259 3960 sermo
1277 3905 1351 3960 unde
1469 3973 1470 3990 Χ

211 4007 291 4061 supra
310 3993 336 4047 P
396 3994 499 4060 3qunr
517 3993 544 4046 P
561 4000 673 4064 utroque
692 3995 748 4049 loco
810 3991 1020 4047 5ebdomadam
1039 3994 1066 4047 P
1122 3992 1306 4062 Sceparimus
1326 3995 1355 4049 P

211 4080 663 4148 praeproperaecripai,poperaP
711 4082 742 4134 10
755 4077 873 4132 defertur
885 4082 991 4150 scripsi,
1005 4079 1166 4134 differturP
1214 4081 1243 4135 11
1263 4080 1353 4134 exibe·
1469 4091 1470 4144 ζ

212 4167 256 4217 tur
279 4167 306 4218 P
358 4168 389 4220 12
408 4165 555 4219 exibuimus
574 4167 601 4219 P
653 4169 684 4222 14
703 4165 875 4220 sollemnitati
893 4169 1000 4236 scripsi,
1019 4165 1215 4236 sollempnitate
1234 4167 1262 4221 P
1315 4167 1354 4222 le-

212 4250 302 4304 ticiam
321 4251 348 4306 P
409 4255 440 4309 la
460 4269 522 4306 nam
539 4253 646 4324 scripsi,
664 4269 696 4308 ue
716 4255 743 4311 P
799 4256 829 4312 21
850 4253 1011 4322 reintegrare
1031 4255 1058 4308 P
1112 4255 1147 4311 22
1164 4269 1223 4306 eam
1242 4256 1355 4326 empti,
1469 4287 1470 4328 r

212 4351 272 4394 eum
291 4337 318 4390 P
368 4340 403 4395 23
420 4354 490 4410 quur
508 4340 535 4397 P
