2920 4928
174 452 183 466 .
234 415 323 468 XXIV
680 413 921 482 Prolegomeua.

234 592 427 655 haereticum
442 589 558 654 Auitus
581 591 767 655 nominauit.
807 593 838 654 at
861 589 1044 653 certissimis
1068 589 1239 654 rationibus
1256 589 1379 653 Fausto

234 695 360 760 Reiensi
383 695 550 778 epistulam
573 693 743 759 attribuere
767 711 943 778 possumus.
982 697 1018 758 ut
1034 694 1115 758 euim
1131 694 1276 759 omittam
1294 695 1380 758 Fau-

235 803 319 864 stum
342 800 492 882 appellari
514 800 679 864 aPanlino
702 817 816 882 papam
839 800 858 863 i.
877 819 902 863 e.
920 799 1098 882 episcopum
1122 797 1165 882 (p.
1185 796 1257 878 181,
1274 796 1322 882 9),
1348 797 1380 861 id

235 904 317 985 quod
340 904 468 968 minoris
492 905 644 968 momenti
668 907 727 984 est,
751 922 822 966 cum
843 904 994 968 Faustum
1010 903 1230 967 Manichaeum
1254 903 1381 986 episco-

234 1027 310 1091 pum
334 1009 525 1091 appellatum
553 1028 621 1072 esse
649 1027 721 1072 curn
749 1027 785 1072 ex
807 1006 896 1071 Auiti
919 1007 1022 1072 uerbis
1051 1011 1119 1071 turn
1143 1007 1266 1071 aliunde
1291 1026 1380 1072 11111-

221 1111 740 1196 111111111111111111111.1111111
757 1113 1001 1176 ecclesiasticum
1017 1111 1169 1176 aWelteo
1186 1115 1217 1175 et
1228 1111 1381 1177 Wetzero

236 1216 365 1297 editum,
394 1217 439 1280 ed.
456 1217 522 1298 alt,
543 1237 567 1280 s.
584 1236 614 1280 u.
634 1215 801 1300 Faustae),
834 1217 967 1299 epistula
996 1218 1078 1281 inter
1107 1217 1240 1299 reliquas
1265 1217 1382 1282 Fausti

235 1320 378 1385 Reiensis
406 1321 554 1403 epistulas
583 1321 714 1384 traditur
741 1321 914 1404 (11111111.
934 1321 973 1385 ad
995 1319 1187 1405 1.183,10)
1212 1325 1242 1384 11
1264 1321 1382 1386 Fausti

236 1425 356 1488 dicendi
383 1443 482 1508 genus
510 1425 585 1489 adeo
613 1443 687 1508 prae
715 1445 748 1488 se
776 1426 846 1505 fert,
875 1429 910 1488 ut
938 1426 1025 1489 nulla
1051 1425 1088 1489 de
1112 1425 1261 1508 scriptore
1285 1425 1383 1490 dubi·

236 1530 313 1592 tatio
336 1548 404 1593 esse
426 1530 532 1610 possit.
571 1529 669 1593 uerba
692 1531 774 1594 enim
797 1549 826 1611 p.
847 1526 917 1610 193,
937 1527 976 1592 15
997 1535 1028 1594 et
1051 1527 1089 1590 19
1113 1530 1146 1593 11
1169 1530 1229 1593 alia
1252 1548 1382 1614 quoquo

236 1633 344 1697 Fausti
367 1633 501 1716 epistula
523 1653 552 1717 p.
570 1631 679 1714 1116
704 1636 837 1713 exstant,
862 1637 893 1696 et
913 1652 992 1715 quae
1012 1653 1041 1716 p.
1061 1630 1169 1715 189,5
1190 1634 1232 1698 de
1247 1652 1383 1718 corpore

237 1737 361 1818 diaboli,
390 1738 471 1819 quod
499 1737 536 1802 dc
565 1738 706 1820 supernis
731 1735 856 1802 sedibus
880 1737 1097 1822 proturbatum
1124 1738 1247 1802 ruinam
1277 1741 1385 1804 sensit

237 1845 268 1906 et
283 1845 427 1906 aeternae
442 1841 589 1906 flammae
604 1842 771 1907 obnoxium
787 1846 990 1924 praeparatur
1006 1843 1044 1906 ad
1057 1861 1200 1927 poenam,
1216 1843 1384 1926 leguntur,

237 1947 389 2010 Faustum
405 1947 443 2011 ad
460 1947 636 2031 analogiam
653 1947 712 2010 looi
729 1947 761 2010 in
778 1948 911 2029 epistula
926 1948 1017 2011 tertia
1039 1967 1068 2030 p.
1089 1945 1160 2028 178,
1177 1945 1307 2009 22-17
1312 1946 1345 2030 9,
1363 1951 1385 2012 4

237 2052 386 2116 exstantis
403 2052 563 2134 scripsisse
579 2051 793 2133 unusquisque
808 2052 902 2115 uidet.
933 2055 1094 2135 practerea
1110 2052 1276 2135 sententia,
1299 2073 1385 2135 quae

238 2159 339 2220 exstat
361 2176 390 2238 p.
410 2153 517 2236 lato
541 2155 599 2239 qui
618 2153 712 2218 uouit
733 2155 892 2218 bonorare
908 2155 1035 2234 mera'ta,
1058 2155 1152 2218 acuit
1167 2156 1295 2241 punire
1307 2181 1385 2242 pec·

237 2269 320 2336 cata,
343 2261 375 2323 in
391 2260 498 2324 Fausti
514 2261 652 2340 homilia,
676 2279 754 2342 quac
770 2261 850 2324 salso
867 2260 1000 2326 Rusebio
1017 2261 1173 2342 tribuitur,
1193 2263 1386 2328 XXXXVH

238 2364 333 2446 (Bibl.
347 2363 430 2428 Mar.
444 2365 543 2448 Lugd.
557 2365 601 2428 VI
618 2362 680 2428 668
695 2365 732 2448 Ο)
756 2367 907 2448 reperitur
927 2384 1028 2447 neque
1045 2365 1265 2446 subitaneum,
1291 2371 1385 2451 quin,

237 2487 316 2550 quae
332 2467 484 2532 habemus
504 2469 536 2532 in
557 2474 663 2534 nostra
684 2471 819 2553 epistula
837 2491 867 2553 p.
883 2468 954 2550 194,
968 2469 1009 2532 22
1023 2467 1225 2554 futurorum
1245 2469 1384 2536 immen-

237 2571 317 2634 sitas
345 2572 553 2636 cruciatuum
580 2574 751 2659 aoapuotiao
784 2575 943 2636 humanae
969 2574 1237 2652 1111111111111,
1269 2581 1303 2641 et
1329 2599 1385 2643 ex·

237 2677 360 2741 ordium
376 2677 520 2742 homiliae
537 2678 644 2743 Fausti
661 2679 736 2743 XVI
751 2678 1087 2743 Pseudo-Eusebianac
1102 2679 1293 2765 mapaitadc
1311 2705 1385 2746 cac-

240 2779 367 2844 lcstium
397 2779 618 2865 beneficiorum
646 2783 814 2868 1111111111
843 2783 1002 2845 1111111111
1029 2783 1141 2846 mcertis
1175 2783 1302 2846 11111111
1342 2790 1384 2853 ab

238 2907 299 2952 uuo
330 2887 500 2970 eodemque
531 2889 656 2952 homine
687 2890 803 2972 scripta
830 2891 901 2953 sint.
940 2907 1000 2970 quo
1028 2893 1167 2972 tempore
1199 2891 1338 2972 epistula
1368 2915 1388 2958 a

239 2993 353 3056 Fausto
384 2993 499 3074 scripta
527 2993 576 3074 sit,
608 2994 774 3074 nescimus,
806 2994 866 3057 nisi
893 2995 974 3075 quod
1002 3013 1072 3057 enm
1102 2995 1282 3078 episcopum
1311 3001 1386 3064 tum

239 3098 335 3160 fuisse
350 3097 593 3180 praescriptione
610 3099 761 3180 epistulae
777 3099 902 3162 Paulini
925 3098 1080 3162 docemur.
1118 3103 1189 3180 post
1208 3099 1386 3182 epistulam

238 3203 373 3280 tertiam,
396 3200 869 3284 1111111146714681111111
892 3206 949 3282 est,
973 3203 1088 3266 editam
1108 3223 1175 3266 esse
1197 3223 1387 3288 cognosces,

239 3306 265 3368 si
288 3305 371 3369 locos
395 3305 471 3369 dnos
495 3305 611 3370 similes
636 3305 799 3370 ambarum
823 3307 1027 3388 epistularum
1051 3308 1142 3372 modo
1165 3308 1277 3371 allatos
1297 3311 1388 3378 inter

240 3429 273 3474 se
297 3411 536 3492 comparaueris.

283 3513 414 3578 Exstant
428 3519 590 3596 praeterea
610 3516 773 3598 quinque
790 3515 898 3580 Fausti
918 3516 1106 3599 epistulae
1127 3517 1169 3580 ad
1185 3516 1387 3586 Ruricium

240 3619 340 3699 datae,
371 3637 503 3701 quarum
531 3621 563 3684 in
590 3621 692 3704 prima
719 3624 750 3684 et
771 3621 865 3684 tertia
887 3620 1030 3684 Ruricius
1058 3621 1150 3701 illiue,
1180 3622 1210 3684 iu
1242 3628 1389 3692 secunda

239 3724 345 3804 frater,
368 3723 401 3788 11
417 3728 528 3806 quarta
545 3729 576 3789 et
591 3725 700 3806 quinta
717 3725 880 3808 episcopus
897 3726 1083 3808 appellatur,
1104 3726 1186 3790 uude
1203 3744 1255 3790 eas
1272 3729 1388 3796 ordine

213 3814 455 3911 'chronologico
479 3847 539 3892 nou
563 3829 694 3893 traditas
719 3849 787 3892 esse
812 3833 949 3911 apparet,
973 3849 1044 3893 cum
1067 3830 1196 3894 fratrem
1216 3831 1387 3900 Ruricium

241 3932 446 4015 appellauerit
469 3933 534 3996 sine
551 3933 651 4016 ¹dubio
668 3932 803 3996 Faustus
827 3934 975 3998 clericum
997 3935 1132 4015 factum,
1149 3933 1248 3998 filium
1272 3943 1388 4005 autern

241 4037 280 4100 ad
303 4036 508 4100 sacerdotium
532 4037 669 4100 nondum
690 4037 884 4120 perductum.
922 4039 953 4102 id
973 4039 1053 4121 quod
1074 4043 1156 4102 recte
1176 4039 1388 4109 obseruatum

215 4133 310 4204 'esse
334 4141 428 4204 etiarn
452 4141 513 4204 alia
535 4142 655 4205 ratione
678 4141 871 4224 comprobari
894 4147 1006 4226 potest.

284 4244 443 4324 Epistulae
471 4249 603 4325 quarta
631 4249 662 4309 et
689 4246 822 4327 quinta
848 4251 919 4327 post
941 4247 1050 4310 Fausti
1079 4247 1221 4311 exsilium
1246 4249 1388 4333 scriptae

243 4351 325 4427 suot,
356 4347 437 4412 unde
459 4348 593 4412 Faustus
624 4348 740 4412 1485
770 4351 872 4430 rediit,
903 4369 963 4434 qno
991 4351 1099 4416 eodem
1127 4369 1207 4416 anno
1235 4351 1387 4425 Ruricius
