2924 4924
244 453 307 518 256
691 453 757 507 1111.
775 451 885 507 Sermo
903 455 927 508 9.

242 629 379 712 primum
408 629 440 693 in
463 627 550 694 (lana
571 627 729 693 Galilaeae
756 628 789 692 in
812 627 955 692 conuiuio
979 627 1109 710 nuptiali
1131 645 1227 710 aquas
1251 629 1284 694 in
1306 629 1385 694 uina

242 735 406 798 conuertit.
452 751 512 815 quo
535 733 684 798 miraculo
707 733 823 797 indicet
845 733 1043 815 locutique,
1072 733 1154 816 quod
1176 736 1287 818 gentes
1309 735 1384 798 nni-

242 856 350 902 uersas
373 838 407 902 in
423 856 574 920 aquamm
595 837 834 902 similitudinem
857 856 952 902 sensu
974 837 1147 902 uanissimo
1162 855 1199 902 ac
1219 839 1382 904 leuissimo

241 941 413 1006 defluentes
436 945 613 1006 mutaturus
637 945 685 1006 ast
712 943 884 1006 eduorum
911 943 1094 1026 prudentiae
1117 942 1266 1024 spiritalis
1289 960 1382 1025 sapo-

201 1073 214 1113 a
240 1066 307 1111 rem
323 1051 356 1111 et
375 1047 414 1110 ad
437 1065 556 1110 meram
573 1065 666 1111 uerae
689 1045 761 1111 fidei
777 1047 951 1111 ueritatem.
996 1045 1135 1128 quolibet
1156 1047 1267 1111 horum
1283 1047 1380 1110 trium

240 1152 352 1215 salutis
382 1154 508 1216 nostrae
539 1152 688 1235 mysteria
717 1153 915 1217 continentur
945 1155 977 1216 et
1006 1151 1131 1236 gaudia.
1176 1150 1265 1215 nobis
1295 1152 1379 1216 enim

240 1256 291 1319 uel
319 1275 355 1319 ex
383 1243 503 1339 uirgir're
531 1260 641 1320 natum
669 1259 727 1336 cst,
755 1255 835 1338 quod
864 1256 955 1320 stella
980 1256 1170 1321 monstrauit
1196 1255 1299 1336 nobis,
1327 1257 1377 1320 uel

239 1379 276 1424 en
291 1359 448 1443 baptismo
471 1364 729 1441 concessumst,
753 1360 835 1442 quod
857 1361 889 1424 in
904 1359 1046 1425 lordonis
1069 1361 1158 1424 alueo
1174 1361 1377 1424 consecrauit.

239 1481 295 1527 nos
312 1482 433 1547 quoque
457 1465 490 1528 in
513 1465 624 1529 melius
641 1483 709 1528 esse
732 1465 898 1529 mutandos
914 1464 1016 1547 operis
1039 1464 1190 1528 miraculo
1212 1481 1377 1546 praemon-

187 1595 213 1634 ιο
239 1569 361 1649 strauit,
385 1569 507 1652 qnando
530 1587 626 1652 aquas
649 1570 681 1634 in
704 1570 778 1634 uina
800 1570 964 1634 connert't.

279 1673 346 1756 Ipsi
368 1677 475 1738 autem
490 1674 584 1757 magi,
607 1673 660 1755 qui
677 1673 715 1737 ad
738 1673 793 1737 illa
808 1674 951 1738 caelestis
974 1674 1061 1757 pueri
1085 1673 1266 1738 ueneranda
1281 1691 1376 1736 cuna-

237 1776 312 1842 bula
342 1779 452 1842 stellae
484 1778 597 1842 indicio
627 1783 848 1860 peruenerunt,
879 1777 954 1860 quid
984 1778 1066 1842 aliud
1097 1782 1314 1861 expresserunt
1345 1779 1374 1840 in

236 1881 298 1946 illis
322 1883 504 1946 muneribus
528 1881 588 1946 nisi
611 1881 705 1945 fidem
729 1885 890 1946 nostram?
935 1883 967 1946 in
990 1900 1026 1946 eo
1042 1883 1135 1963 enim,
1159 1883 1240 1965 quod
1257 1883 1314 1947 tria
1330 1883 1375 1946 ol-

237 1987 352 2066 lerunt,
386 1987 510 2050 trinitas
540 1986 740 2069 intellegitur,
775 1987 806 2049 in
838 2003 873 2050 eo
904 2004 987 2066 uero,
1023 1987 1105 2068 quod
1139 1989 1202 2051 tres
1237 1991 1310 2051 sunt
1344 1991 1373 2050 et

185 2117 209 2156 n
236 2091 354 2174 singuli
384 2091 509 2174 singula
539 2090 688 2171 offerunt,
723 2091 754 2154 in
788 2091 926 2154 trinitate
957 2091 1060 2156 unitas
1091 2090 1276 2156 declaratur.
1319 2111 1374 2172 per

237 2213 347 2259 aurum
370 2213 423 2258 rex
446 2194 630 2274 ostenditur,
661 2194 698 2257 dc
727 2198 796 2258 ture
827 2195 903 2258 deus
934 2195 1111 2276 dinoscitur,
1142 2215 1198 2279 per
1228 2213 1373 2278 myrram,

236 2316 315 2380 quae
351 2299 529 2362 condiendis
564 2298 744 2382 corporibus
779 2301 853 2380 apta
888 2303 951 2379 est,
985 2299 1147 2382 sepultura
1176 2299 1373 2384 crucifigendi

235 2403 371 2466 hominis
401 2403 607 2486 praedicatur.
655 2403 828 2467 secundum
858 2402 946 2484 haec,
975 2403 1138 2484 carissimi,
1169 2421 1227 2468 nos
1255 2421 1373 2486 quoque

235 2522 402 2590 personam
425 2525 589 2590 magorum
606 2505 798 2590 spiritalibus
822 2507 982 2572 imitemur
997 2507 1165 2590 obsequiis.
1211 2509 1243 2573 in
1266 2509 1372 2592 primis

184 2637 210 2677 ao
237 2615 303 2674 tam
327 2611 379 2674 diu
402 2629 589 2693 quaeramus
607 2611 779 2692 Christum,
803 2611 900 2675 donec
921 2612 1011 2676 illum
1033 2613 1173 2676 inuenire
1189 2631 1371 2678 mereamur.

235 2716 383 2779 ducatum
404 2715 493 2781 nobis
516 2715 666 2799 praebeat
687 2715 776 2780 uelut
791 2716 883 2780 stella
898 2717 976 2780 caeli
996 2717 1050 2780 lux
1072 2715 1152 2780 fidei.
1191 2717 1269 2783 haec
1284 2718 1371 2782 illum

236 2820 324 2884 nobis
339 2821 483 2884 ostendat
498 2839 560 2885 non
580 2821 644 2884 iam
667 2821 698 2883 in
722 2821 882 2903 praesepio
905 2821 1095 2904 cagientem‚
1119 2823 1173 2885 sed
1196 2823 1229 2886 in
1251 2839 1372 2886 summa

235 2925 312 2988 caeli
343 2942 412 2988 arce
435 2925 661 3005 dominantem,
691 2942 754 2989 non
783 2926 815 2988 in
838 2925 949 2989 matris
978 2927 1107 3010 gremio,
1140 2927 1195 2990 sed
1222 2928 1253 2991 in
1275 2926 1369 3008 patris

235 3029 312 3093 solio
329 3029 531 3109 adorandum,
555 3047 611 3093 nec
628 3029 758 3093 ulterius
773 3030 805 3092 in
822 3029 1002 3094 humilitate
1022 3025 1234 3112 iudicandum,
1257 3031 1309 3094 sed
1332 3030 1369 3093 ad

281 3233 294 3285 l
314 3229 400 3282 chana
417 3230 451 3297 P,
470 3229 573 3284 chanan
591 3231 621 3283 D
684 3228 773 3298 galeae
791 3229 821 3284 D
884 3231 901 3284 2
920 3231 1064 3298 quo-tio.
1078 3234 1113 3284 10
1134 3231 1267 3286 conuertit
1283 3249 1332 3286 om
1345 3230 1373 3283 P

235 3345 252 3398 4
271 3308 418 3396 motaturds
437 3343 467 3397 D
518 3346 534 3398 5
553 3357 654 3396 meram
673 3358 750 3396 uerae
762 3344 868 3412 scripsi,
887 3343 983 3396 miram
1001 3359 1065 3397 uera
1077 3344 1107 3398 D
1158 3347 1175 3401 8
1193 3343 1323 3399 babtismo
1341 3343 1370 3397 D

236 3433 252 3487 9
271 3429 411 3484 motandoe
430 3431 459 3484 D
513 3433 543 3485 11
563 3447 631 3499 puae
648 3437 796 3500 seponatur
813 3447 897 3500 saproc
914 3431 952 3485 ad
967 3433 1047 3500 finem
1065 3439 1218 3502 scapum
1230 3449 1289 3488 mm
1300 3433 1369 3499 Auo.

235 3535 311 3573 seron
323 3535 398 3587 optor.
411 3522 471 3586 136,
483 3521 552 3572 1-6
570 3519 623 3585 (39,
633 3522 705 3574 2014
717 3519 777 3586 M),
796 3535 879 3588 usqae
896 3518 934 3572 ad
947 3536 977 3588 p.
988 3521 1051 3588 257,
1062 3523 1098 3574 13
1114 3520 1255 3589 permixtio
1272 3521 1303 3574 io
1317 3519 1370 3586 fine

235 3607 366 3660 amoreis
382 3609 418 3659 22
435 3605 489 3674 (57,
499 3608 554 3660 272
565 3605 617 3672 M.)
635 3605 756 3660 Maximi
776 3606 857 3659 Tam.
870 3606 995 3676 lepamtur
1053 3607 1084 3662 12
1103 3605 1179 3660 stella
1196 3607 1254 3662 DP
1302 3603 1369 3658 iudi-

235 3684 306 3772 uim
329 3719 357 3772 P
377 3718 404 3784 (ο
426 3735 497 3772 aaa.
514 3719 581 3786 arr),
604 3716 721 3787 talpona
740 3719 769 3772 n
790 3718 830 3785 (n
847 3720 926 3786 eas)
996 3720 1146 3788 plener-une
1164 3721 1193 3774 n
1262 3719 1326 3773 mur
1344 3717 1372 3771 r

235 3806 418 3875 erpsemntD
480 3807 512 3860 13
530 3805 582 3858 nisi
600 3804 627 3858 in
646 3805 674 3859 P
732 3805 880 3860 offeruntur
897 3808 974 3861 Marc.
988 3809 1059 3878 Aup.
1118 3810 1150 3862 14
1168 3803 1369 3908 mmm—fre

234 3919 433 3975 rcnturinom.
451 3919 479 3972 P
531 3921 562 3974 15
575 3917 873 3987 singuliessingulario
886 3921 915 3974 D
967 3919 1156 3974 ollemnturD
1202 3921 1330 3974 trinitates
1344 3917 1372 3972 P

234 4032 259 4100 (i
276 4051 348 4088 oron.
361 4033 421 4100 arr.)
492 4034 524 4086 16
542 3997 590 4084 {riu
609 4032 638 4085 D
708 4029 773 4084 dure
794 4033 824 4086 D
894 4032 958 4086 daus
976 4032 1054 4087 thure
1073 4033 1101 4087 P
1166 4032 1322 4087 disnoscitur
1340 4031 1371 4085 D

235 4146 344 4199 mnsam
364 4145 421 4200 DP
482 4148 512 4200 17
532 4111 759 4212 condiendi'P(s
778 4144 1115 4218 conmutacionis»
1176 4151 1218 4200 est
1235 4149 1297 4215 apta
1312 4159 1369 4197 eor·

233 4231 382 4300 poribnaP
432 4231 628 4286 omcifiendiD
682 4235 714 4288 18
727 4232 911 4301 pdicanturD
957 4233 1098 4303 camasimi]
1111 4247 1164 4302 quo
1177 4234 1205 4287 P
1250 4237 1283 4289 19
1293 4231 1370 4286 emit-
1449 4293 1450 4308 ¹

233 4323 321 4372 tamur
339 4321 368 4374 D
420 4319 542 4388 obsequis
565 4319 595 4374 D
647 4321 678 4375 21
703 4320 783 4374 uelud
806 4322 836 4375 D
888 4318 964 4374 nobis
982 4319 1059 4374 illum
1078 4308 1125 4375 P'
1156 4323 1190 4377 22
1208 4319 1318 4374 ostendit
1339 4319 1370 4373 D

233 4407 407 4460 coarcter)
460 4409 487 4459 in
505 4414 567 4461 ante
585 4407 679 4460 matris
697 4425 748 4462 om.
762 4409 790 4461 P
841 4409 906 4462 solio
924 4409 1009 4476 patris
1028 4409 1055 4462 P
1105 4411 1138 4463 24
1158 4425 1190 4462 ue
1209 4409 1236 4463 P
1449 4401 1450 4408 ἵ
