<?xml version="1.0" encoding="UTF-8"?>
<!DOCTYPE html PUBLIC "-//W3C//DTD XHTML 1.0 Transitional//EN"
    "http://www.w3.org/TR/xhtml1/DTD/xhtml1-transitional.dtd">
<html xmlns="http://www.w3.org/1999/xhtml" xml:lang="en" lang="en">
 <head>
  <title>
</title>
<meta http-equiv="Content-Type" content="text/html;charset=utf-8" />
  <meta name='ocr-system' content='tesseract 3.04.00' />
  <meta name='ocr-capabilities' content='ocr_page ocr_carea ocr_par ocr_line ocrx_word'/>
</head>
<body>
  <div class='ocr_page' id='page_1' title='image "./praetersermones00fausgoog/praetersermones00fausgoog_0129.png"; bbox 0 0 2920 4930; ppageno 0'>
   <div class='ocr_carea' id='block_1_1' title="bbox 512 407 1204 472">
    <p class='ocr_par' dir='ltr' id='par_1_1' title="bbox 512 407 1204 472">
     <span class='ocr_line' id='line_1_1' title="bbox 512 407 1204 472; baseline 0.014 -10"><span class='ocrx_word' id='word_1_1' title='bbox 512 407 608 464; x_wconf 88' lang='lat' dir='ltr'><strong>Liber</strong></span> <span class='ocrx_word' id='word_1_2' title='bbox 626 409 640 464; x_wconf 94' lang='lat'>1</span> <span class='ocrx_word' id='word_1_3' title='bbox 660 411 769 465; x_wconf 87' lang='grc'>11-12.</span> <span class='ocrx_word' id='word_1_4' title='bbox 1165 409 1204 472; x_wconf 90' lang='grc'><strong>41</strong></span> 
     </span>
    </p>
   </div>
   <div class='ocr_carea' id='block_1_2' title="bbox 74 586 1305 3710">
    <p class='ocr_par' dir='ltr' id='par_1_2' title="bbox 79 586 1259 1386">
     <span class='ocr_line' id='line_1_2' title="bbox 81 586 1205 668; baseline 0.001 -18"><span class='ocrx_word' id='word_1_5' title='bbox 81 605 154 652; x_wconf 88' lang='lat' dir='ltr'><strong>num</strong></span> <span class='ocrx_word' id='word_1_6' title='bbox 178 591 282 652; x_wconf 87' lang='lat' dir='ltr'><strong>tunm</strong></span> <span class='ocrx_word' id='word_1_7' title='bbox 306 587 410 652; x_wconf 89' lang='lat' dir='ltr'><strong>uelut</strong></span> <span class='ocrx_word' id='word_1_8' title='bbox 432 605 472 651; x_wconf 85' lang='lat' dir='ltr'><strong>ex</strong></span> <span class='ocrx_word' id='word_1_9' title='bbox 496 586 725 651; x_wconf 82' lang='lat' dir='ltr'><strong>necessitate</strong></span> <span class='ocrx_word' id='word_1_10' title='bbox 748 587 811 668; x_wconf 90' lang='lat' dir='ltr'><strong>sit,</strong></span> <span class='ocrx_word' id='word_1_11' title='bbox 842 588 905 651; x_wconf 91' lang='lat' dir='ltr'><strong>sed</strong></span> <span class='ocrx_word' id='word_1_12' title='bbox 935 605 975 650; x_wconf 84' lang='lat' dir='ltr'><strong>ex</strong></span> <span class='ocrx_word' id='word_1_13' title='bbox 1001 587 1205 651; x_wconf 84' lang='lat' dir='ltr'><strong>uoluntate.</strong></span> 
     </span>
     <span class='ocr_line' id='line_1_3' title="bbox 81 690 1208 774; baseline 0.002 -20"><span class='ocrx_word' id='word_1_14' title='bbox 81 711 177 757; x_wconf 86' lang='lat' dir='ltr'><strong>seruos</strong></span> <span class='ocrx_word' id='word_1_15' title='bbox 203 692 298 756; x_wconf 85' lang='lat' dir='ltr'><strong>etiam</strong></span> <span class='ocrx_word' id='word_1_16' title='bbox 322 692 405 774; x_wconf 91' lang='lat' dir='ltr'><strong>ipsos</strong></span> <span class='ocrx_word' id='word_1_17' title='bbox 428 695 549 772; x_wconf 91' lang='lat' dir='ltr'><strong>monet,</strong></span> <span class='ocrx_word' id='word_1_18' title='bbox 578 695 614 755; x_wconf 91' lang='lat' dir='ltr'><strong>nt</strong></span> <span class='ocrx_word' id='word_1_19' title='bbox 641 691 773 756; x_wconf 91' lang='lat' dir='ltr'><strong>dominis</strong></span> <span class='ocrx_word' id='word_1_20' title='bbox 796 690 861 755; x_wconf 88' lang='lat' dir='ltr'><strong>suis</strong></span> <span class='ocrx_word' id='word_1_21' title='bbox 885 711 920 755; x_wconf 84' lang='lat' dir='ltr'><strong>en</strong></span> <span class='ocrx_word' id='word_1_22' title='bbox 943 691 1048 755; x_wconf 84' lang='lat' dir='ltr'><strong>anima</strong></span> <span class='ocrx_word' id='word_1_23' title='bbox 1071 692 1208 756; x_wconf 81' lang='lat' dir='ltr'><strong>seruiunt</strong></span> 
     </span>
     <span class='ocr_line' id='line_1_4' title="bbox 79 796 1207 879; baseline 0.001 -19"><span class='ocrx_word' id='word_1_24' title='bbox 79 813 149 862; x_wconf 87' lang='lat' dir='ltr'><strong>oum</strong></span> <span class='ocrx_word' id='word_1_25' title='bbox 171 796 269 861; x_wconf 88' lang='lat' dir='ltr'><strong>bona</strong></span> <span class='ocrx_word' id='word_1_26' title='bbox 291 797 502 878; x_wconf 86' lang='lat' dir='ltr'><strong>uoluntate,</strong></span> <span class='ocrx_word' id='word_1_27' title='bbox 527 800 558 860; x_wconf 91' lang='lat' dir='ltr'><strong>et</strong></span> <span class='ocrx_word' id='word_1_28' title='bbox 578 797 639 860; x_wconf 88' lang='lat' dir='ltr'><strong>alio</strong></span> <span class='ocrx_word' id='word_1_29' title='bbox 654 797 739 861; x_wconf 92' lang='lat' dir='ltr'><strong>loco:</strong></span> <span class='ocrx_word' id='word_1_30' title='bbox 764 797 882 861; x_wconf 91' lang='lat' dir='ltr'><strong>nolite</strong></span> <span class='ocrx_word' id='word_1_31' title='bbox 905 797 941 861; x_wconf 92' lang='lat' dir='ltr'><strong>in</strong></span> <span class='ocrx_word' id='word_1_32' title='bbox 964 815 1207 879; x_wconf 86' lang='lat' dir='ltr'><strong>personarum</strong></span> 
     </span>
     <span class='ocr_line' id='line_1_5' title="bbox 80 901 1206 987; baseline 0.003 -22"><span class='ocrx_word' id='word_1_33' title='bbox 80 903 288 987; x_wconf 86' lang='lat' dir='ltr'><strong>acceptione</strong></span> <span class='ocrx_word' id='word_1_34' title='bbox 317 901 456 967; x_wconf 84' lang='lat' dir='ltr'><strong>hebere</strong></span> <span class='ocrx_word' id='word_1_35' title='bbox 487 902 601 968; x_wconf 85' lang='lat' dir='ltr'><strong>iidem</strong></span> <span class='ocrx_word' id='word_1_36' title='bbox 625 902 764 968; x_wconf 92' lang='lat' dir='ltr'><strong>domini</strong></span> <span class='ocrx_word' id='word_1_37' title='bbox 794 903 914 968; x_wconf 79' lang='lat' dir='ltr'><strong>nostri</strong></span> <span class='ocrx_word' id='word_1_38' title='bbox 941 904 1026 967; x_wconf 87' lang='lat' dir='ltr'><strong>Iesu</strong></span> <span class='ocrx_word' id='word_1_39' title='bbox 1055 901 1206 968; x_wconf 78' lang='lat' dir='ltr'><strong>Christi.</strong></span> 
     </span>
     <span class='ocr_line' id='line_1_6' title="bbox 80 1007 1259 1090; baseline 0.005 -20"><span class='ocrx_word' id='word_1_40' title='bbox 80 1007 187 1072; x_wconf 90' lang='lat' dir='ltr'><strong>nolite</strong></span> <span class='ocrx_word' id='word_1_41' title='bbox 211 1007 407 1072; x_wconf 80' lang='lat' dir='ltr'><strong>detrahere</strong></span> <span class='ocrx_word' id='word_1_42' title='bbox 430 1008 466 1073; x_wconf 95' lang='lat' dir='ltr'><strong>in</strong></span> <span class='ocrx_word' id='word_1_43' title='bbox 490 1007 729 1090; x_wconf 81' lang='lat' dir='ltr'><strong>alterutrum,</strong></span> <span class='ocrx_word' id='word_1_44' title='bbox 754 1011 801 1073; x_wconf 92' lang='lat' dir='ltr'><strong>et:</strong></span> <span class='ocrx_word' id='word_1_45' title='bbox 818 1009 937 1073; x_wconf 86' lang='lat' dir='ltr'><strong>nolite</strong></span> <span class='ocrx_word' id='word_1_46' title='bbox 954 1025 1085 1072; x_wconf 85' lang='lat' dir='ltr'><strong>errare.</strong></span> <span class='ocrx_word' id='word_1_47' title='bbox 1118 1008 1207 1072; x_wconf 89' lang='lat' dir='ltr'><strong>dens</strong></span> <span class='ocrx_word' id='word_1_48' title='bbox 1246 1037 1259 1076; x_wconf 83' lang='lat' dir='ltr'><strong>s</strong></span> 
     </span>
     <span class='ocr_line' id='line_1_7' title="bbox 80 1111 1209 1195; baseline 0.001 -20"><span class='ocrx_word' id='word_1_49' title='bbox 80 1128 142 1176; x_wconf 90' lang='lat' dir='ltr'><strong>non</strong></span> <span class='ocrx_word' id='word_1_50' title='bbox 164 1112 358 1177; x_wconf 81' lang='lat' dir='ltr'><strong>inridetur.</strong></span> <span class='ocrx_word' id='word_1_51' title='bbox 397 1129 488 1195; x_wconf 87' lang='lat' dir='ltr'><strong>qnae</strong></span> <span class='ocrx_word' id='word_1_52' title='bbox 516 1113 612 1176; x_wconf 90' lang='lat' dir='ltr'><strong>enim</strong></span> <span class='ocrx_word' id='word_1_53' title='bbox 639 1113 886 1177; x_wconf 88' lang='lat' dir='ltr'><strong>seminauerit</strong></span> <span class='ocrx_word' id='word_1_54' title='bbox 912 1111 1033 1193; x_wconf 94' lang='lat' dir='ltr'><strong>homo,</strong></span> <span class='ocrx_word' id='word_1_55' title='bbox 1060 1112 1151 1176; x_wconf 89' lang='lat' dir='ltr'><strong>haec</strong></span> <span class='ocrx_word' id='word_1_56' title='bbox 1173 1114 1209 1177; x_wconf 91' lang='lat' dir='ltr'><strong>et</strong></span> 
     </span>
     <span class='ocr_line' id='line_1_8' title="bbox 80 1217 1208 1301; baseline 0.003 -22"><span class='ocrx_word' id='word_1_57' title='bbox 80 1219 199 1298; x_wconf 90' lang='lat' dir='ltr'><strong>metet,</strong></span> <span class='ocrx_word' id='word_1_58' title='bbox 227 1220 277 1281; x_wconf 87' lang='lat' dir='ltr'><strong>et:</strong></span> <span class='ocrx_word' id='word_1_59' title='bbox 305 1217 421 1282; x_wconf 91' lang='lat' dir='ltr'><strong>nolite</strong></span> <span class='ocrx_word' id='word_1_60' title='bbox 445 1217 602 1301; x_wconf 86' lang='lat' dir='ltr'><strong>diligere</strong></span> <span class='ocrx_word' id='word_1_61' title='bbox 625 1217 800 1282; x_wconf 90' lang='lat' dir='ltr'><strong>mundum</strong></span> <span class='ocrx_word' id='word_1_62' title='bbox 823 1235 940 1301; x_wconf 90' lang='lat' dir='ltr'><strong>neque</strong></span> <span class='ocrx_word' id='word_1_63' title='bbox 971 1235 1027 1298; x_wconf 90' lang='lat' dir='ltr'><strong>ea,</strong></span> <span class='ocrx_word' id='word_1_64' title='bbox 1054 1217 1208 1300; x_wconf 85' lang='lat' dir='ltr'><strong>quaein</strong></span> 
     </span>
     <span class='ocr_line' id='line_1_9' title="bbox 80 1321 324 1386; baseline 0.012 -3"><span class='ocrx_word' id='word_1_65' title='bbox 80 1321 204 1386; x_wconf 87' lang='lat' dir='ltr'><strong>mundo</strong></span> <span class='ocrx_word' id='word_1_66' title='bbox 228 1325 324 1386; x_wconf 89' lang='lat' dir='ltr'><strong>suut.</strong></span> 
     </span>
    </p>

    <p class='ocr_par' dir='ltr' id='par_1_3' title="bbox 74 1419 1305 3710">
     <span class='ocr_line' id='line_1_10' title="bbox 116 1419 1305 1512; baseline 0.001 -22"><span class='ocrx_word' id='word_1_67' title='bbox 116 1424 266 1491; x_wconf 87' lang='lat' dir='ltr'><strong>Uidemus</strong></span> <span class='ocrx_word' id='word_1_68' title='bbox 294 1444 366 1510; x_wconf 82' lang='lat' dir='ltr'><strong>ergo</strong></span> <span class='ocrx_word' id='word_1_69' title='bbox 394 1430 426 1491; x_wconf 91' lang='lat' dir='ltr'><strong>et</strong></span> <span class='ocrx_word' id='word_1_70' title='bbox 452 1427 483 1492; x_wconf 95' lang='lat' dir='ltr'><strong>in</strong></span> <span class='ocrx_word' id='word_1_71' title='bbox 512 1426 627 1492; x_wconf 84' lang='lat' dir='ltr'><strong>bonam</strong></span> <span class='ocrx_word' id='word_1_72' title='bbox 655 1431 686 1492; x_wconf 91' lang='lat' dir='ltr'><strong>et</strong></span> <span class='ocrx_word' id='word_1_73' title='bbox 707 1428 740 1492; x_wconf 91' lang='lat' dir='ltr'><strong>in</strong></span> <span class='ocrx_word' id='word_1_74' title='bbox 763 1427 950 1492; x_wconf 89' lang='lat' dir='ltr'><strong>contrariam</strong></span> <span class='ocrx_word' id='word_1_75' title='bbox 972 1431 1094 1510; x_wconf 85' lang='lat' dir='ltr'><strong>portem</strong></span> <span class='ocrx_word' id='word_1_76' title='bbox 1116 1444 1208 1512; x_wconf 88' lang='lat' dir='ltr'><strong>posse</strong></span> <span class='ocrx_word' id='word_1_77' title='bbox 1303 1419 1305 1426; x_wconf 82' lang='lat'>&#39;</span> 
     </span>
     <span class='ocr_line' id='line_1_11' title="bbox 79 1526 1261 1598; baseline 0.004 -5"><span class='ocrx_word' id='word_1_78' title='bbox 79 1527 226 1595; x_wconf 86' lang='lat' dir='ltr'><strong>humanae</strong></span> <span class='ocrx_word' id='word_1_79' title='bbox 250 1531 365 1596; x_wconf 89' lang='lat' dir='ltr'><strong>mentis</strong></span> <span class='ocrx_word' id='word_1_80' title='bbox 388 1532 521 1596; x_wconf 88' lang='lat' dir='ltr'><strong>transire</strong></span> <span class='ocrx_word' id='word_1_81' title='bbox 544 1526 742 1597; x_wconf 84' lang='lat' dir='ltr'><strong>consensum</strong></span> <span class='ocrx_word' id='word_1_82' title='bbox 782 1534 814 1596; x_wconf 91' lang='lat' dir='ltr'><strong>et</strong></span> <span class='ocrx_word' id='word_1_83' title='bbox 840 1531 909 1596; x_wconf 89' lang='lat' dir='ltr'><strong>ideo</strong></span> <span class='ocrx_word' id='word_1_84' title='bbox 937 1532 996 1596; x_wconf 90' lang='lat' dir='ltr'><strong>alio</strong></span> <span class='ocrx_word' id='word_1_85' title='bbox 1023 1533 1090 1597; x_wconf 89' lang='lat' dir='ltr'><strong>loeo</strong></span> <span class='ocrx_word' id='word_1_86' title='bbox 1118 1531 1207 1596; x_wconf 90' lang='lat' dir='ltr'><strong>dicit:</strong></span> <span class='ocrx_word' id='word_1_87' title='bbox 1237 1558 1261 1598; x_wconf 82' lang='lat' dir='ltr'><strong>ro</strong></span> 
     </span>
     <span class='ocr_line' id='line_1_12' title="bbox 78 1632 1209 1719; baseline 0.002 -21"><span class='ocrx_word' id='word_1_88' title='bbox 78 1632 219 1716; x_wconf 91' lang='lat' dir='ltr'><strong>bonnm,</strong></span> <span class='ocrx_word' id='word_1_89' title='bbox 236 1635 349 1718; x_wconf 90' lang='lat' dir='ltr'><strong>inquit,</strong></span> <span class='ocrx_word' id='word_1_90' title='bbox 366 1637 550 1701; x_wconf 86' lang='lat' dir='ltr'><strong>facientes</strong></span> <span class='ocrx_word' id='word_1_91' title='bbox 574 1654 645 1701; x_wconf 92' lang='lat' dir='ltr'><strong>non</strong></span> <span class='ocrx_word' id='word_1_92' title='bbox 668 1636 905 1718; x_wconf 83' lang='lat' dir='ltr'><strong>deficiamus,</strong></span> <span class='ocrx_word' id='word_1_93' title='bbox 929 1641 1095 1719; x_wconf 92' lang='lat' dir='ltr'><strong>tempore</strong></span> <span class='ocrx_word' id='word_1_94' title='bbox 1112 1637 1209 1700; x_wconf 92' lang='lat' dir='ltr'><strong>enim</strong></span> 
     </span>
     <span class='ocr_line' id='line_1_13' title="bbox 79 1740 1207 1825; baseline 0.002 -23"><span class='ocrx_word' id='word_1_95' title='bbox 79 1757 135 1804; x_wconf 88' lang='lat' dir='ltr'><strong>sno</strong></span> <span class='ocrx_word' id='word_1_96' title='bbox 158 1743 339 1805; x_wconf 88' lang='lat' dir='ltr'><strong>metemus</strong></span> <span class='ocrx_word' id='word_1_97' title='bbox 367 1759 437 1806; x_wconf 95' lang='lat' dir='ltr'><strong>non</strong></span> <span class='ocrx_word' id='word_1_98' title='bbox 466 1741 699 1806; x_wconf 84' lang='lat' dir='ltr'><strong>deficientes.</strong></span> <span class='ocrx_word' id='word_1_99' title='bbox 739 1759 932 1824; x_wconf 87' lang='lat' dir='ltr'><strong>operemur</strong></span> <span class='ocrx_word' id='word_1_100' title='bbox 960 1759 1045 1825; x_wconf 85' lang='lat' dir='ltr'><strong>ergo</strong></span> <span class='ocrx_word' id='word_1_101' title='bbox 1072 1740 1207 1805; x_wconf 88' lang='lat' dir='ltr'><strong>bonum</strong></span> 
     </span>
     <span class='ocr_line' id='line_1_14' title="bbox 79 1843 1207 1926; baseline 0.003 -20"><span class='ocrx_word' id='word_1_102' title='bbox 79 1843 116 1906; x_wconf 84' lang='lat' dir='ltr'><strong>ad</strong></span> <span class='ocrx_word' id='word_1_103' title='bbox 137 1863 276 1926; x_wconf 76' lang='lat' dir='ltr'><strong>omneS,</strong></span> <span class='ocrx_word' id='word_1_104' title='bbox 301 1845 456 1910; x_wconf 82' lang='lat' dir='ltr'><strong>maxime</strong></span> <span class='ocrx_word' id='word_1_105' title='bbox 480 1850 602 1910; x_wconf 87' lang='lat' dir='ltr'><strong>autem</strong></span> <span class='ocrx_word' id='word_1_106' title='bbox 626 1846 668 1910; x_wconf 88' lang='lat' dir='ltr'><strong>od</strong></span> <span class='ocrx_word' id='word_1_107' title='bbox 692 1845 917 1912; x_wconf 90' lang='lat' dir='ltr'><strong>domesticos</strong></span> <span class='ocrx_word' id='word_1_108' title='bbox 940 1846 1039 1910; x_wconf 84' lang='lat' dir='ltr'><strong>fidei.</strong></span> <span class='ocrx_word' id='word_1_109' title='bbox 1075 1845 1207 1925; x_wconf 92' lang='lat' dir='ltr'><strong>nolite,</strong></span> 
     </span>
     <span class='ocr_line' id='line_1_15' title="bbox 78 1947 1208 2034; baseline 0.003 -23"><span class='ocrx_word' id='word_1_110' title='bbox 78 1947 181 2031; x_wconf 90' lang='lat' dir='ltr'><strong>inquit,</strong></span> <span class='ocrx_word' id='word_1_111' title='bbox 205 1950 365 2034; x_wconf 86' lang='lat' dir='ltr'><strong>diligere</strong></span> <span class='ocrx_word' id='word_1_112' title='bbox 390 1951 581 2015; x_wconf 91' lang='lat' dir='ltr'><strong>mundum:</strong></span> <span class='ocrx_word' id='word_1_113' title='bbox 610 1951 670 2016; x_wconf 88' lang='lat' dir='ltr'><strong>nisi</strong></span> <span class='ocrx_word' id='word_1_114' title='bbox 694 1951 862 2015; x_wconf 81' lang='lat' dir='ltr'><strong>sibonum</strong></span> <span class='ocrx_word' id='word_1_115' title='bbox 886 1951 924 2014; x_wconf 85' lang='lat' dir='ltr'><strong>ed</strong></span> <span class='ocrx_word' id='word_1_116' title='bbox 947 1950 1077 2014; x_wconf 87' lang='lat' dir='ltr'><strong>meliora</strong></span> <span class='ocrx_word' id='word_1_117' title='bbox 1099 1953 1208 2014; x_wconf 91' lang='lat' dir='ltr'><strong>cont-</strong></span> 
     </span>
     <span class='ocr_line' id='line_1_16' title="bbox 78 2052 1260 2139; baseline 0.003 -23"><span class='ocrx_word' id='word_1_118' title='bbox 78 2052 158 2118; x_wconf 89' lang='lat' dir='ltr'><strong>lisset</strong></span> <span class='ocrx_word' id='word_1_119' title='bbox 179 2054 337 2136; x_wconf 83' lang='lat' dir='ltr'><strong>affectum,</strong></span> <span class='ocrx_word' id='word_1_120' title='bbox 360 2056 435 2120; x_wconf 91' lang='lat' dir='ltr'><strong>mali</strong></span> <span class='ocrx_word' id='word_1_121' title='bbox 458 2057 486 2120; x_wconf 95' lang='lat' dir='ltr'><strong>ei</strong></span> <span class='ocrx_word' id='word_1_122' title='bbox 510 2073 571 2120; x_wconf 95' lang='lat' dir='ltr'><strong>non</strong></span> <span class='ocrx_word' id='word_1_123' title='bbox 594 2055 794 2120; x_wconf 81' lang='lat' dir='ltr'><strong>interdiceret</strong></span> <span class='ocrx_word' id='word_1_124' title='bbox 817 2057 1001 2139; x_wconf 90' lang='lat' dir='ltr'><strong>appetitum,</strong></span> <span class='ocrx_word' id='word_1_125' title='bbox 1028 2059 1059 2119; x_wconf 90' lang='lat' dir='ltr'><strong>et</strong></span> <span class='ocrx_word' id='word_1_126' title='bbox 1086 2056 1154 2119; x_wconf 90' lang='lat' dir='ltr'><strong>ideo</strong></span> <span class='ocrx_word' id='word_1_127' title='bbox 1176 2056 1208 2119; x_wconf 94' lang='lat' dir='ltr'><strong>in</strong></span> <span class='ocrx_word' id='word_1_128' title='bbox 1237 2081 1260 2120; x_wconf 81' lang='lat' dir='ltr'><strong>n</strong></span> 
     </span>
     <span class='ocr_line' id='line_1_17' title="bbox 78 2157 1208 2242; baseline 0.002 -21"><span class='ocrx_word' id='word_1_129' title='bbox 78 2157 229 2224; x_wconf 80' lang='lat' dir='ltr'><strong>sinistram</strong></span> <span class='ocrx_word' id='word_1_130' title='bbox 252 2159 382 2224; x_wconf 90' lang='lat' dir='ltr'><strong>crimine</strong></span> <span class='ocrx_word' id='word_1_131' title='bbox 405 2177 461 2224; x_wconf 91' lang='lat' dir='ltr'><strong>suo</strong></span> <span class='ocrx_word' id='word_1_132' title='bbox 484 2161 626 2242; x_wconf 82' lang='lat' dir='ltr'><strong>trahitur,</strong></span> <span class='ocrx_word' id='word_1_133' title='bbox 654 2162 706 2242; x_wconf 93' lang='lat' dir='ltr'><strong>qni</strong></span> <span class='ocrx_word' id='word_1_134' title='bbox 734 2179 753 2224; x_wconf 85' lang='lat' dir='ltr'><strong>a</strong></span> <span class='ocrx_word' id='word_1_135' title='bbox 780 2161 903 2225; x_wconf 91' lang='lat' dir='ltr'><strong>domino</strong></span> <span class='ocrx_word' id='word_1_136' title='bbox 931 2177 986 2225; x_wconf 93' lang='lat' dir='ltr'><strong>sno</strong></span> <span class='ocrx_word' id='word_1_137' title='bbox 1014 2163 1142 2224; x_wconf 86' lang='lat' dir='ltr'><strong>uocatur</strong></span> <span class='ocrx_word' id='word_1_138' title='bbox 1169 2159 1208 2223; x_wconf 88' lang='lat' dir='ltr'><strong>ad</strong></span> 
     </span>
     <span class='ocr_line' id='line_1_18' title="bbox 78 2261 1208 2348; baseline 0.002 -23"><span class='ocrx_word' id='word_1_139' title='bbox 78 2261 239 2328; x_wconf 81' lang='lat' dir='ltr'><strong>dexteram.</strong></span> <span class='ocrx_word' id='word_1_140' title='bbox 272 2269 304 2328; x_wconf 93' lang='lat' dir='ltr'><strong>et</strong></span> <span class='ocrx_word' id='word_1_141' title='bbox 325 2269 489 2348; x_wconf 87' lang='lat' dir='ltr'><strong>propterea</strong></span> <span class='ocrx_word' id='word_1_142' title='bbox 508 2265 622 2330; x_wconf 89' lang='lat' dir='ltr'><strong>iterum</strong></span> <span class='ocrx_word' id='word_1_143' title='bbox 639 2265 729 2330; x_wconf 93' lang='lat' dir='ltr'><strong>dicit:</strong></span> <span class='ocrx_word' id='word_1_144' title='bbox 754 2265 826 2330; x_wconf 94' lang='lat' dir='ltr'><strong>noli</strong></span> <span class='ocrx_word' id='word_1_145' title='bbox 848 2266 948 2330; x_wconf 89' lang='lat' dir='ltr'><strong>uinci</strong></span> <span class='ocrx_word' id='word_1_146' title='bbox 972 2283 990 2329; x_wconf 87' lang='lat' dir='ltr'><strong>a</strong></span> <span class='ocrx_word' id='word_1_147' title='bbox 1013 2265 1122 2346; x_wconf 86' lang='lat' dir='ltr'><strong>malo,</strong></span> <span class='ocrx_word' id='word_1_148' title='bbox 1147 2263 1208 2328; x_wconf 92' lang='lat' dir='ltr'><strong>sed</strong></span> 
     </span>
     <span class='ocr_line' id='line_1_19' title="bbox 77 2367 1208 2454; baseline 0.002 -23"><span class='ocrx_word' id='word_1_149' title='bbox 77 2367 176 2433; x_wconf 86' lang='lat' dir='ltr'><strong>uince</strong></span> <span class='ocrx_word' id='word_1_150' title='bbox 199 2369 236 2434; x_wconf 92' lang='lat' dir='ltr'><strong>in</strong></span> <span class='ocrx_word' id='word_1_151' title='bbox 259 2368 353 2434; x_wconf 93' lang='lat' dir='ltr'><strong>bono</strong></span> <span class='ocrx_word' id='word_1_152' title='bbox 375 2370 520 2434; x_wconf 87' lang='lat' dir='ltr'><strong>mulum.</strong></span> <span class='ocrx_word' id='word_1_153' title='bbox 552 2373 657 2454; x_wconf 88' lang='lat' dir='ltr'><strong>aperte</strong></span> <span class='ocrx_word' id='word_1_154' title='bbox 678 2371 752 2434; x_wconf 88' lang='lat' dir='ltr'><strong>mali</strong></span> <span class='ocrx_word' id='word_1_155' title='bbox 769 2371 954 2435; x_wconf 76' lang='lat' dir='ltr'><strong>necessitate</strong></span> <span class='ocrx_word' id='word_1_156' title='bbox 970 2387 1032 2434; x_wconf 92' lang='lat' dir='ltr'><strong>non</strong></span> <span class='ocrx_word' id='word_1_157' title='bbox 1048 2370 1208 2454; x_wconf 91' lang='lat' dir='ltr'><strong>premitur,</strong></span> 
     </span>
     <span class='ocr_line' id='line_1_20' title="bbox 77 2473 1209 2558; baseline 0.004 -24"><span class='ocrx_word' id='word_1_158' title='bbox 77 2473 121 2536; x_wconf 84' lang='lat' dir='ltr'><strong>cui</strong></span> <span class='ocrx_word' id='word_1_159' title='bbox 143 2473 272 2539; x_wconf 88' lang='lat' dir='ltr'><strong>uictoria</strong></span> <span class='ocrx_word' id='word_1_160' title='bbox 295 2474 332 2539; x_wconf 89' lang='lat' dir='ltr'><strong>de</strong></span> <span class='ocrx_word' id='word_1_161' title='bbox 354 2473 428 2540; x_wconf 91' lang='lat' dir='ltr'><strong>boni</strong></span> <span class='ocrx_word' id='word_1_162' title='bbox 452 2475 600 2540; x_wconf 78' lang='lat' dir='ltr'><strong>electione</strong></span> <span class='ocrx_word' id='word_1_163' title='bbox 623 2475 823 2558; x_wconf 89' lang='lat' dir='ltr'><strong>promittitur.</strong></span> <span class='ocrx_word' id='word_1_164' title='bbox 862 2493 924 2540; x_wconf 94' lang='lat' dir='ltr'><strong>non</strong></span> <span class='ocrx_word' id='word_1_165' title='bbox 948 2474 1030 2539; x_wconf 92' lang='lat' dir='ltr'><strong>enim</strong></span> <span class='ocrx_word' id='word_1_166' title='bbox 1058 2475 1091 2538; x_wconf 94' lang='lat' dir='ltr'><strong>in</strong></span> <span class='ocrx_word' id='word_1_167' title='bbox 1119 2473 1209 2538; x_wconf 83' lang='lat' dir='ltr'><strong>deuia</strong></span> 
     </span>
     <span class='ocr_line' id='line_1_21' title="bbox 77 2575 1260 2664; baseline 0.003 -24"><span class='ocrx_word' id='word_1_168' title='bbox 77 2575 120 2640; x_wconf 86' lang='lat' dir='ltr'><strong>lex</strong></span> <span class='ocrx_word' id='word_1_169' title='bbox 140 2579 263 2664; x_wconf 86' lang='lat' dir='ltr'><strong>originis</strong></span> <span class='ocrx_word' id='word_1_170' title='bbox 284 2579 390 2660; x_wconf 89' lang='lat' dir='ltr'><strong>trahit,</strong></span> <span class='ocrx_word' id='word_1_171' title='bbox 414 2597 506 2662; x_wconf 91' lang='lat' dir='ltr'><strong>quem</strong></span> <span class='ocrx_word' id='word_1_172' title='bbox 528 2583 634 2644; x_wconf 84' lang='lat' dir='ltr'><strong>auctor</strong></span> <span class='ocrx_word' id='word_1_173' title='bbox 654 2580 685 2644; x_wconf 94' lang='lat' dir='ltr'><strong>in</strong></span> <span class='ocrx_word' id='word_1_174' title='bbox 709 2578 793 2643; x_wconf 91' lang='lat' dir='ltr'><strong>biuio</strong></span> <span class='ocrx_word' id='word_1_175' title='bbox 817 2579 999 2660; x_wconf 90' lang='lat' dir='ltr'><strong>conlocauit,</strong></span> <span class='ocrx_word' id='word_1_176' title='bbox 1024 2597 1059 2644; x_wconf 88' lang='lat' dir='ltr'><strong>ac</strong></span> <span class='ocrx_word' id='word_1_177' title='bbox 1082 2579 1135 2660; x_wconf 90' lang='lat' dir='ltr'><strong>sic,</strong></span> <span class='ocrx_word' id='word_1_178' title='bbox 1159 2579 1208 2643; x_wconf 92' lang='lat' dir='ltr'><strong>cni</strong></span> <span class='ocrx_word' id='word_1_179' title='bbox 1234 2603 1260 2643; x_wconf 74' lang='lat' dir='ltr'><strong>rr</strong></span> 
     </span>
     <span class='ocr_line' id='line_1_22' title="bbox 77 2683 1208 2767; baseline 0.003 -23"><span class='ocrx_word' id='word_1_180' title='bbox 77 2683 213 2748; x_wconf 82' lang='lat' dir='ltr'><strong>noluntas</strong></span> <span class='ocrx_word' id='word_1_181' title='bbox 236 2683 334 2748; x_wconf 86' lang='lat' dir='ltr'><strong>indita</strong></span> <span class='ocrx_word' id='word_1_182' title='bbox 356 2689 413 2766; x_wconf 91' lang='lat' dir='ltr'><strong>est,</strong></span> <span class='ocrx_word' id='word_1_183' title='bbox 436 2689 472 2748; x_wconf 92' lang='lat' dir='ltr'><strong>ut</strong></span> <span class='ocrx_word' id='word_1_184' title='bbox 486 2685 611 2748; x_wconf 88' lang='lat' dir='ltr'><strong>uincere</strong></span> <span class='ocrx_word' id='word_1_185' title='bbox 628 2685 747 2748; x_wconf 88' lang='lat' dir='ltr'><strong>molum</strong></span> <span class='ocrx_word' id='word_1_186' title='bbox 762 2685 869 2767; x_wconf 83' lang='lat' dir='ltr'><strong>possit,</strong></span> <span class='ocrx_word' id='word_1_187' title='bbox 894 2685 920 2748; x_wconf 93' lang='lat' dir='ltr'><strong>si</strong></span> <span class='ocrx_word' id='word_1_188' title='bbox 935 2684 1013 2748; x_wconf 82' lang='lat' dir='ltr'><strong>rorte</strong></span> <span class='ocrx_word' id='word_1_189' title='bbox 1030 2684 1208 2748; x_wconf 84' lang='lat' dir='ltr'><strong>aduersario</strong></span> 
     </span>
     <span class='ocr_line' id='line_1_23' title="bbox 77 2788 1208 2873; baseline 0.004 -25"><span class='ocrx_word' id='word_1_190' title='bbox 77 2805 129 2852; x_wconf 89' lang='lat' dir='ltr'><strong>sno</strong></span> <span class='ocrx_word' id='word_1_191' title='bbox 149 2789 252 2870; x_wconf 88' lang='lat' dir='ltr'><strong>cessit,</strong></span> <span class='ocrx_word' id='word_1_192' title='bbox 276 2789 398 2853; x_wconf 88' lang='lat' dir='ltr'><strong>animus</strong></span> <span class='ocrx_word' id='word_1_193' title='bbox 422 2791 449 2853; x_wconf 92' lang='lat' dir='ltr'><strong>ei</strong></span> <span class='ocrx_word' id='word_1_194' title='bbox 471 2790 630 2873; x_wconf 84' lang='lat' dir='ltr'><strong>pugnandi</strong></span> <span class='ocrx_word' id='word_1_195' title='bbox 654 2789 762 2870; x_wconf 83' lang='lat' dir='ltr'><strong>deluit,</strong></span> <span class='ocrx_word' id='word_1_196' title='bbox 791 2793 921 2853; x_wconf 88' lang='lat' dir='ltr'><strong>euentus</strong></span> <span class='ocrx_word' id='word_1_197' title='bbox 949 2807 1011 2854; x_wconf 92' lang='lat' dir='ltr'><strong>non</strong></span> <span class='ocrx_word' id='word_1_198' title='bbox 1034 2788 1132 2853; x_wconf 85' lang='lat' dir='ltr'><strong>defuit</strong></span> <span class='ocrx_word' id='word_1_199' title='bbox 1154 2788 1208 2852; x_wconf 92' lang='lat' dir='ltr'><strong>ob-</strong></span> 
     </span>
     <span class='ocr_line' id='line_1_24' title="bbox 76 2891 1208 2977; baseline 0.002 -23"><span class='ocrx_word' id='word_1_200' title='bbox 76 2891 194 2958; x_wconf 88' lang='lat' dir='ltr'><strong>tinendi.</strong></span> <span class='ocrx_word' id='word_1_201' title='bbox 233 2893 370 2977; x_wconf 79' lang='lat' dir='ltr'><strong>legimus</strong></span> <span class='ocrx_word' id='word_1_202' title='bbox 397 2895 435 2958; x_wconf 89' lang='lat' dir='ltr'><strong>ad</strong></span> <span class='ocrx_word' id='word_1_203' title='bbox 458 2893 636 2958; x_wconf 89' lang='lat' dir='ltr'><strong>Hebraeos:</strong></span> <span class='ocrx_word' id='word_1_204' title='bbox 665 2893 879 2959; x_wconf 90' lang='lat' dir='ltr'><strong>noluntarie</strong></span> <span class='ocrx_word' id='word_1_205' title='bbox 903 2894 999 2958; x_wconf 90' lang='lat' dir='ltr'><strong>enim</strong></span> <span class='ocrx_word' id='word_1_206' title='bbox 1023 2893 1208 2977; x_wconf 86' lang='lat' dir='ltr'><strong>peccanti·</strong></span> 
     </span>
     <span class='ocr_line' id='line_1_25' title="bbox 77 2993 1207 3080; baseline 0.001 -21"><span class='ocrx_word' id='word_1_207' title='bbox 77 2993 138 3060; x_wconf 88' lang='lat' dir='ltr'><strong>bns</strong></span> <span class='ocrx_word' id='word_1_208' title='bbox 160 2997 266 3062; x_wconf 91' lang='lat' dir='ltr'><strong>nobis</strong></span> <span class='ocrx_word' id='word_1_209' title='bbox 294 3001 378 3079; x_wconf 87' lang='lat' dir='ltr'><strong>post</strong></span> <span class='ocrx_word' id='word_1_210' title='bbox 404 3003 593 3080; x_wconf 84' lang='lat' dir='ltr'><strong>acceptam</strong></span> <span class='ocrx_word' id='word_1_211' title='bbox 625 2999 798 3063; x_wconf 84' lang='lat' dir='ltr'><strong>notitiam</strong></span> <span class='ocrx_word' id='word_1_212' title='bbox 828 2998 1005 3062; x_wconf 87' lang='lat' dir='ltr'><strong>ueritatis</strong></span> <span class='ocrx_word' id='word_1_213' title='bbox 1035 2998 1106 3061; x_wconf 87' lang='lat' dir='ltr'><strong>iam</strong></span> <span class='ocrx_word' id='word_1_214' title='bbox 1138 3015 1207 3061; x_wconf 93' lang='lat' dir='ltr'><strong>non</strong></span> 
     </span>
     <span class='ocr_line' id='line_1_26' title="bbox 77 3100 1260 3185; baseline 0.003 -22"><span class='ocrx_word' id='word_1_215' title='bbox 77 3100 299 3185; x_wconf 84' lang='lat' dir='ltr'><strong>relinquitur</strong></span> <span class='ocrx_word' id='word_1_216' title='bbox 320 3121 384 3184; x_wconf 90' lang='lat' dir='ltr'><strong>pro</strong></span> <span class='ocrx_word' id='word_1_217' title='bbox 407 3104 570 3185; x_wconf 90' lang='lat' dir='ltr'><strong>peccatis</strong></span> <span class='ocrx_word' id='word_1_218' title='bbox 594 3103 725 3167; x_wconf 91' lang='lat' dir='ltr'><strong>hostia.</strong></span> <span class='ocrx_word' id='word_1_219' title='bbox 761 3104 932 3167; x_wconf 86' lang='lat' dir='ltr'><strong>seeundum</strong></span> <span class='ocrx_word' id='word_1_220' title='bbox 955 3103 1042 3184; x_wconf 88' lang='lat' dir='ltr'><strong>haee,</strong></span> <span class='ocrx_word' id='word_1_221' title='bbox 1066 3103 1092 3166; x_wconf 91' lang='lat' dir='ltr'><strong>si</strong></span> <span class='ocrx_word' id='word_1_222' title='bbox 1114 3101 1208 3166; x_wconf 89' lang='lat' dir='ltr'><strong>liber·</strong></span> <span class='ocrx_word' id='word_1_223' title='bbox 1234 3127 1260 3167; x_wconf 81' lang='grc'><strong>11</strong></span> 
     </span>
     <span class='ocr_line' id='line_1_27' title="bbox 76 3205 1208 3290; baseline 0.004 -24"><span class='ocrx_word' id='word_1_224' title='bbox 76 3208 166 3270; x_wconf 83' lang='lat' dir='ltr'><strong>tatem</strong></span> <span class='ocrx_word' id='word_1_225' title='bbox 182 3206 303 3272; x_wconf 86' lang='lat' dir='ltr'><strong>arbitrii</strong></span> <span class='ocrx_word' id='word_1_226' title='bbox 320 3225 381 3271; x_wconf 92' lang='lat' dir='ltr'><strong>non</strong></span> <span class='ocrx_word' id='word_1_227' title='bbox 397 3205 561 3288; x_wconf 88' lang='lat' dir='ltr'><strong>habemus,</strong></span> <span class='ocrx_word' id='word_1_228' title='bbox 586 3209 740 3290; x_wconf 89' lang='lat' dir='ltr'><strong>quomodo</strong></span> <span class='ocrx_word' id='word_1_229' title='bbox 755 3226 828 3272; x_wconf 92' lang='lat' dir='ltr'><strong>cum</strong></span> <span class='ocrx_word' id='word_1_230' title='bbox 843 3209 1004 3272; x_wconf 84' lang='lat' dir='ltr'><strong>uoluntate</strong></span> <span class='ocrx_word' id='word_1_231' title='bbox 1020 3209 1208 3290; x_wconf 81' lang='lat' dir='ltr'><strong>peccemus?</strong></span> 
     </span>
     <span class='ocr_line' id='line_1_28' title="bbox 76 3309 1207 3397; baseline 0.004 -25"><span class='ocrx_word' id='word_1_232' title='bbox 76 3325 132 3389; x_wconf 87' lang='lat' dir='ltr'><strong>qna</strong></span> <span class='ocrx_word' id='word_1_233' title='bbox 151 3329 247 3376; x_wconf 87' lang='lat' dir='ltr'><strong>eausa</strong></span> <span class='ocrx_word' id='word_1_234' title='bbox 268 3329 341 3376; x_wconf 91' lang='lat' dir='ltr'><strong>rens</strong></span> <span class='ocrx_word' id='word_1_235' title='bbox 364 3311 407 3376; x_wconf 92' lang='lat' dir='ltr'><strong>sit</strong></span> <span class='ocrx_word' id='word_1_236' title='bbox 428 3309 482 3397; x_wconf 84' lang='lat' dir='ltr'><strong>&lt;si&gt;</strong></span> <span class='ocrx_word' id='word_1_237' title='bbox 504 3313 653 3394; x_wconf 89' lang='lat' dir='ltr'><strong>requiras,</strong></span> <span class='ocrx_word' id='word_1_238' title='bbox 685 3313 757 3395; x_wconf 86' lang='lat' dir='ltr'><strong>quie</strong></span> <span class='ocrx_word' id='word_1_239' title='bbox 783 3317 854 3396; x_wconf 90' lang='lat' dir='ltr'><strong>post</strong></span> <span class='ocrx_word' id='word_1_240' title='bbox 880 3317 1041 3396; x_wconf 87' lang='lat' dir='ltr'><strong>acceptam</strong></span> <span class='ocrx_word' id='word_1_241' title='bbox 1065 3312 1207 3376; x_wconf 88' lang='lat' dir='ltr'><strong>notitiam</strong></span> 
     </span>
     <span class='ocr_line' id='line_1_29' title="bbox 75 3415 1209 3501; baseline 0.005 -27"><span class='ocrx_word' id='word_1_242' title='bbox 75 3415 208 3480; x_wconf 84' lang='lat' dir='ltr'><strong>ueritatis</strong></span> <span class='ocrx_word' id='word_1_243' title='bbox 237 3415 277 3480; x_wconf 88' lang='lat' dir='ltr'><strong>ad</strong></span> <span class='ocrx_word' id='word_1_244' title='bbox 300 3415 445 3497; x_wconf 89' lang='lat' dir='ltr'><strong>spiritum</strong></span> <span class='ocrx_word' id='word_1_245' title='bbox 468 3415 636 3481; x_wconf 85' lang='lat' dir='ltr'><strong>declinauit</strong></span> <span class='ocrx_word' id='word_1_246' title='bbox 659 3417 779 3482; x_wconf 89' lang='lat' dir='ltr'><strong>erroris.</strong></span> <span class='ocrx_word' id='word_1_247' title='bbox 818 3421 902 3500; x_wconf 91' lang='lat' dir='ltr'><strong>post</strong></span> <span class='ocrx_word' id='word_1_248' title='bbox 929 3421 1132 3501; x_wconf 83' lang='lat' dir='ltr'><strong>acceptam,</strong></span> <span class='ocrx_word' id='word_1_249' title='bbox 1160 3417 1209 3480; x_wconf 92' lang='lat' dir='ltr'><strong>in·</strong></span> 
     </span>
     <span class='ocr_line' id='line_1_30' title="bbox 76 3515 1208 3606; baseline 0.004 -26"><span class='ocrx_word' id='word_1_250' title='bbox 76 3515 145 3600; x_wconf 90' lang='lat' dir='ltr'><strong>quit,</strong></span> <span class='ocrx_word' id='word_1_251' title='bbox 167 3519 359 3585; x_wconf 83' lang='lat' dir='ltr'><strong>notitiam:</strong></span> <span class='ocrx_word' id='word_1_252' title='bbox 383 3520 529 3604; x_wconf 87' lang='lat' dir='ltr'><strong>intellege</strong></span> <span class='ocrx_word' id='word_1_253' title='bbox 553 3539 625 3584; x_wconf 88' lang='lat' dir='ltr'><strong>eum</strong></span> <span class='ocrx_word' id='word_1_254' title='bbox 649 3521 805 3605; x_wconf 86' lang='lat' dir='ltr'><strong>occepisse</strong></span> <span class='ocrx_word' id='word_1_255' title='bbox 827 3521 961 3606; x_wconf 86' lang='lat' dir='ltr'><strong>gratiam</strong></span> <span class='ocrx_word' id='word_1_256' title='bbox 985 3525 1016 3585; x_wconf 87' lang='lat' dir='ltr'><strong>et</strong></span> <span class='ocrx_word' id='word_1_257' title='bbox 1030 3541 1086 3604; x_wconf 92' lang='lat' dir='ltr'><strong>per</strong></span> <span class='ocrx_word' id='word_1_258' title='bbox 1102 3522 1208 3605; x_wconf 86' lang='lat' dir='ltr'><strong>negle-</strong></span> 
     </span>
     <span class='ocr_line' id='line_1_31' title="bbox 74 3623 1260 3710; baseline 0.007 -26"><span class='ocrx_word' id='word_1_259' title='bbox 74 3623 206 3704; x_wconf 86' lang='lat' dir='ltr'><strong>gentiam</strong></span> <span class='ocrx_word' id='word_1_260' title='bbox 221 3623 407 3708; x_wconf 89' lang='lat' dir='ltr'><strong>perdidisse,</strong></span> <span class='ocrx_word' id='word_1_261' title='bbox 428 3629 459 3689; x_wconf 91' lang='lat' dir='ltr'><strong>et</strong></span> <span class='ocrx_word' id='word_1_262' title='bbox 474 3625 603 3690; x_wconf 88' lang='lat' dir='ltr'><strong>itemm:</strong></span> <span class='ocrx_word' id='word_1_263' title='bbox 626 3626 778 3690; x_wconf 88' lang='lat' dir='ltr'><strong>inritam</strong></span> <span class='ocrx_word' id='word_1_264' title='bbox 794 3626 936 3691; x_wconf 86' lang='lat' dir='ltr'><strong>faciens</strong></span> <span class='ocrx_word' id='word_1_265' title='bbox 952 3627 1071 3710; x_wconf 86' lang='lat' dir='ltr'><strong>legem</strong></span> <span class='ocrx_word' id='word_1_266' title='bbox 1087 3625 1207 3708; x_wconf 86' lang='lat' dir='ltr'><strong>Moysi</strong></span> <span class='ocrx_word' id='word_1_267' title='bbox 1234 3649 1260 3692; x_wconf 80' lang='lat' dir='ltr'><strong>ao</strong></span> 
     </span>
    </p>
   </div>
   <div class='ocr_carea' id='block_1_3' title="bbox 79 3787 1207 3946">
    <p class='ocr_par' dir='ltr' id='par_1_4' title="bbox 79 3787 1207 3946">
     <span class='ocr_line' id='line_1_32' title="bbox 171 3787 1207 3859; baseline -0.001 -15"><span class='ocrx_word' id='word_1_268' title='bbox 171 3787 437 3858; x_wconf 76' lang='grc'>3]111,2,1;1,11.</span> <span class='ocrx_word' id='word_1_269' title='bbox 491 3789 519 3858; x_wconf 90' lang='lat'><strong>5]</strong></span> <span class='ocrx_word' id='word_1_270' title='bbox 533 3787 590 3844; x_wconf 83' lang='lat' dir='ltr'><strong>Gal.</strong></span> <span class='ocrx_word' id='word_1_271' title='bbox 605 3791 666 3854; x_wconf 83' lang='grc'>0,7.</span> <span class='ocrx_word' id='word_1_272' title='bbox 720 3789 920 3859; x_wconf 82' lang='lat' dir='ltr'><strong>7]lloenn.2‚</strong></span> <span class='ocrx_word' id='word_1_273' title='bbox 936 3791 974 3846; x_wconf 84' lang='lat'><strong>15.</strong></span> <span class='ocrx_word' id='word_1_274' title='bbox 1022 3788 1207 3859; x_wconf 68' lang='lat' dir='ltr'><strong>luculos.</strong></span> 
     </span>
     <span class='ocr_line' id='line_1_33' title="bbox 79 3871 939 3946; baseline 0.007 -20"><span class='ocrx_word' id='word_1_275' title='bbox 79 3871 120 3940; x_wconf 83' lang='grc'><strong>11]</strong></span> <span class='ocrx_word' id='word_1_276' title='bbox 135 3873 207 3929; x_wconf 75' lang='lat' dir='ltr'><strong>Bona</strong></span> <span class='ocrx_word' id='word_1_277' title='bbox 223 3877 264 3940; x_wconf 89' lang='grc'><strong>12,</strong></span> <span class='ocrx_word' id='word_1_278' title='bbox 276 3877 318 3930; x_wconf 90' lang='grc'><strong>21.</strong></span> <span class='ocrx_word' id='word_1_279' title='bbox 373 3874 419 3944; x_wconf 81' lang='grc'><strong>23]</strong></span> <span class='ocrx_word' id='word_1_280' title='bbox 437 3873 519 3930; x_wconf 87' lang='lat' dir='ltr'><strong>Hebr.</strong></span> <span class='ocrx_word' id='word_1_281' title='bbox 535 3879 574 3940; x_wconf 89' lang='lat'><strong>10,</strong></span> <span class='ocrx_word' id='word_1_282' title='bbox 587 3877 629 3932; x_wconf 93' lang='grc'><strong>26.</strong></span> <span class='ocrx_word' id='word_1_283' title='bbox 683 3875 729 3946; x_wconf 87' lang='grc'><strong>30]</strong></span> <span class='ocrx_word' id='word_1_284' title='bbox 748 3875 829 3931; x_wconf 87' lang='lat' dir='ltr'><strong>Hebr.</strong></span> <span class='ocrx_word' id='word_1_285' title='bbox 845 3879 885 3942; x_wconf 85' lang='lat'><strong>10,</strong></span> <span class='ocrx_word' id='word_1_286' title='bbox 897 3877 939 3932; x_wconf 88' lang='grc'><strong>28.</strong></span> 
     </span>
    </p>
   </div>
   <div class='ocr_carea' id='block_1_4' title="bbox 76 4021 1209 4444">
    <p class='ocr_par' dir='ltr' id='par_1_5' title="bbox 76 4021 1209 4444">
     <span class='ocr_line' id='line_1_34' title="bbox 117 4021 1207 4096; baseline 0.004 -20"><span class='ocrx_word' id='word_1_287' title='bbox 117 4021 411 4078; x_wconf 72' lang='lat' dir='ltr'><strong>tremos-uoluntate</strong></span> <span class='ocrx_word' id='word_1_288' title='bbox 429 4041 515 4079; x_wconf 75' lang='lat' dir='ltr'><strong>ome</strong></span> <span class='ocrx_word' id='word_1_289' title='bbox 569 4025 714 4080; x_wconf 88' lang='lat' dir='ltr'><strong>seruusP¹</strong></span> <span class='ocrx_word' id='word_1_290' title='bbox 768 4027 943 4093; x_wconf 73' lang='lat' dir='ltr'><strong>unoquaeP</strong></span> <span class='ocrx_word' id='word_1_291' title='bbox 997 4027 1029 4082; x_wconf 90' lang='grc'><strong>10</strong></span> <span class='ocrx_word' id='word_1_292' title='bbox 1045 4025 1207 4096; x_wconf 64' lang='grc'>1110111111-</span> 
     </span>
     <span class='ocr_line' id='line_1_35' title="bbox 76 4109 1209 4178; baseline 0.006 -17"><span class='ocrx_word' id='word_1_293' title='bbox 76 4109 424 4178; x_wconf 64' lang='lat' dir='ltr'><strong>smpromiananou.</strong></span> <span class='ocrx_word' id='word_1_294' title='bbox 475 4113 507 4167; x_wconf 92' lang='grc'><strong>12</strong></span> <span class='ocrx_word' id='word_1_295' title='bbox 520 4111 686 4166; x_wconf 88' lang='lat' dir='ltr'><strong>metimnsP</strong></span> <span class='ocrx_word' id='word_1_296' title='bbox 733 4113 766 4168; x_wconf 85' lang='lat'><strong>13</strong></span> <span class='ocrx_word' id='word_1_297' title='bbox 778 4115 936 4168; x_wconf 84' lang='lat' dir='ltr'><strong>antemaP</strong></span> <span class='ocrx_word' id='word_1_298' title='bbox 982 4115 1013 4168; x_wconf 86' lang='grc'><strong>14</strong></span> <span class='ocrx_word' id='word_1_299' title='bbox 1027 4112 1209 4168; x_wconf 83' lang='lat' dir='ltr'><strong>eontulisseP</strong></span> 
     </span>
     <span class='ocr_line' id='line_1_36' title="bbox 79 4195 1207 4269; baseline 0.006 -22"><span class='ocrx_word' id='word_1_300' title='bbox 79 4195 109 4248; x_wconf 82' lang='grc'><strong>18</strong></span> <span class='ocrx_word' id='word_1_301' title='bbox 121 4197 260 4264; x_wconf 88' lang='lat' dir='ltr'><strong>praemitur</strong></span> <span class='ocrx_word' id='word_1_302' title='bbox 272 4199 301 4252; x_wconf 91' lang='lat' dir='ltr'><strong><em>P</em></strong></span> <span class='ocrx_word' id='word_1_303' title='bbox 351 4200 382 4254; x_wconf 96' lang='grc'><strong>21</strong></span> <span class='ocrx_word' id='word_1_304' title='bbox 397 4197 549 4252; x_wconf 87' lang='lat' dir='ltr'><strong>aduersario</strong></span> <span class='ocrx_word' id='word_1_305' title='bbox 563 4215 609 4252; x_wconf 89' lang='lat' dir='ltr'><strong>sno</strong></span> <span class='ocrx_word' id='word_1_306' title='bbox 623 4199 713 4268; x_wconf 86' lang='lat' dir='ltr'><strong>cessit]</strong></span> <span class='ocrx_word' id='word_1_307' title='bbox 732 4199 897 4254; x_wconf 83' lang='lat' dir='ltr'><strong>aduersarios</strong></span> <span class='ocrx_word' id='word_1_308' title='bbox 910 4203 986 4254; x_wconf 89' lang='lat' dir='ltr'><strong>uocet</strong></span> <span class='ocrx_word' id='word_1_309' title='bbox 1004 4200 1026 4254; x_wconf 84' lang='lat' dir='ltr'><strong>si</strong></span> <span class='ocrx_word' id='word_1_310' title='bbox 1045 4219 1060 4256; x_wconf 86' lang='lat' dir='ltr'><strong>c</strong></span> <span class='ocrx_word' id='word_1_311' title='bbox 1112 4201 1207 4269; x_wconf 69' lang='grc'>2211-</span> 
     </span>
     <span class='ocr_line' id='line_1_37' title="bbox 78 4281 1206 4359; baseline 0.01 -27"><span class='ocrx_word' id='word_1_312' title='bbox 78 4281 169 4346; x_wconf 80' lang='lat' dir='ltr'><strong>gnandi</strong></span> <span class='ocrx_word' id='word_1_313' title='bbox 187 4285 248 4352; x_wconf 74' lang='lat' dir='ltr'><strong>Pu</strong></span> <span class='ocrx_word' id='word_1_314' title='bbox 267 4287 299 4340; x_wconf 81' lang='lat' dir='ltr'><strong>irs</strong></span> <span class='ocrx_word' id='word_1_315' title='bbox 316 4301 370 4341; x_wconf 83' lang='lat' dir='ltr'><strong>rue.</strong></span> <span class='ocrx_word' id='word_1_316' title='bbox 385 4287 528 4354; x_wconf 69' lang='lat' dir='ltr'><strong>pennalt.)</strong></span> <span class='ocrx_word' id='word_1_317' title='bbox 581 4287 615 4341; x_wconf 90' lang='grc'><strong>23</strong></span> <span class='ocrx_word' id='word_1_318' title='bbox 633 4285 783 4359; x_wconf 77' lang='lat' dir='ltr'><strong>uoluntarip</strong></span> <span class='ocrx_word' id='word_1_319' title='bbox 803 4287 830 4341; x_wconf 93' lang='lat' dir='ltr'><em>P</em></span> <span class='ocrx_word' id='word_1_320' title='bbox 881 4289 914 4342; x_wconf 84' lang='lat'><strong>27</strong></span> <span class='ocrx_word' id='word_1_321' title='bbox 937 4287 958 4340; x_wconf 90' lang='grc'><strong>11</strong></span> <span class='ocrx_word' id='word_1_322' title='bbox 978 4287 1085 4354; x_wconf 77' lang='lat' dir='ltr'><strong>addidi,</strong></span> <span class='ocrx_word' id='word_1_323' title='bbox 1103 4305 1153 4342; x_wconf 85' lang='lat' dir='ltr'><strong>om.</strong></span> <span class='ocrx_word' id='word_1_324' title='bbox 1173 4289 1206 4351; x_wconf 83' lang='lat' dir='ltr'><strong>P,</strong></span> 
     </span>
     <span class='ocr_line' id='line_1_38' title="bbox 78 4369 1204 4444; baseline 0.006 -19"><span class='ocrx_word' id='word_1_325' title='bbox 78 4369 178 4441; x_wconf 64' lang='grc' dir='ltr'><strong>αἴρας.</strong></span> <span class='ocrx_word' id='word_1_326' title='bbox 192 4375 295 4442; x_wconf 69' lang='lat'><strong>12,10,·</strong></span> <span class='ocrx_word' id='word_1_327' title='bbox 309 4379 373 4444; x_wconf 84' lang='lat' dir='ltr'><strong>port</strong></span> <span class='ocrx_word' id='word_1_328' title='bbox 392 4387 470 4426; x_wconf 86' lang='lat' dir='ltr'><strong>causa</strong></span> <span class='ocrx_word' id='word_1_329' title='bbox 488 4373 595 4429; x_wconf 76' lang='lat' dir='ltr'><strong>addunt</strong></span> <span class='ocrx_word' id='word_1_330' title='bbox 613 4391 629 4429; x_wconf 86' lang='lat' dir='ltr'><strong>o</strong></span> <span class='ocrx_word' id='word_1_331' title='bbox 681 4375 715 4430; x_wconf 87' lang='grc'><strong>20</strong></span> <span class='ocrx_word' id='word_1_332' title='bbox 734 4373 906 4444; x_wconf 82' lang='lat' dir='ltr'><strong>neglientiam</strong></span> <span class='ocrx_word' id='word_1_333' title='bbox 919 4375 947 4430; x_wconf 84' lang='grc' dir='ltr'><strong><em>Ρ</em></strong></span> <span class='ocrx_word' id='word_1_334' title='bbox 997 4375 1032 4430; x_wconf 89' lang='grc'><strong>30</strong></span> <span class='ocrx_word' id='word_1_335' title='bbox 1044 4374 1156 4431; x_wconf 89' lang='lat' dir='ltr'><strong>inritum</strong></span> <span class='ocrx_word' id='word_1_336' title='bbox 1169 4377 1204 4432; x_wconf 92' lang='lat' dir='ltr'><strong>P¹</strong></span> 
     </span>
    </p>
   </div>
   <div class='ocr_carea' id='block_1_5' title="bbox 0 0 1464 4930">
    <p class='ocr_par' dir='ltr' id='par_1_6' title="bbox 0 0 1464 4930">
     <span class='ocr_line' id='line_1_39' title="bbox 0 0 1464 4930; baseline 0 1"><span class='ocrx_word' id='word_1_337' title='bbox 0 0 1464 4930; x_wconf 95' lang='lat' dir='ltr'><strong> </strong></span> 
     </span>
    </p>
   </div>
  </div>
 </body>
</html>
