2954 4930
223 413 288 480 322
664 415 728 469 1111.
748 415 857 469 Sermo
875 417 917 470 24.

223 592 291 656 biro
314 593 459 674 coeperit,
483 589 697 656 humiliabitur
720 595 760 671 ot,
783 592 836 673 qui
859 591 1011 674 superbus
1035 595 1092 671 est,
1116 591 1142 655 si
1165 610 1199 656 se
1214 591 1362 656 humilia·

223 696 314 776 uerit,
344 715 399 778 per
429 695 478 759 dei
509 695 752 760 misericordiam
780 695 1005 760 subleuabitur.
1043 699 1167 761 tantum
1195 697 1361 774 ostentm,

223 803 259 864 ut
281 819 314 864 se
337 817 399 864 non
422 799 585 882 permittat
607 799 741 882 amplius
765 799 932 864 durissimo
954 799 1027 885 iugo
1056 801 1155 882 premi
1182 818 1240 864 neo
1261 800 1362 864 nimia

225 907 257 968 et
286 904 460 986 periculosa
489 903 738 968 dissimulatione
768 903 799 967 in
828 904 965 986 peccatis
995 905 1222 987 perseuerando
1245 903 1361 968 diutim

184 1033 197 1073 ι
224 1007 379 1088 obdurari,
410 1007 464 1072 sed
494 1011 560 1072 tam
590 1009 650 1072 oito
681 1007 842 1092 confugiat
872 1007 910 1072 ad
939 1007 1090 1091 pietatem
1116 1008 1175 1087 dei,
1206 1012 1242 1072 ut
1266 1009 1298 1071 in
1325 1027 1361 1072 se

223 1112 341 1193 peceati
366 1111 534 1195 uestigium
557 1129 621 1176 non
643 1111 807 1194 relinquat.
846 1111 963 1194 optime
986 1112 1094 1176 calidis
1121 1112 1222 1176 adhuc
1250 1113 1362 1176 uulne-

223 1215 309 1280 ribus
345 1215 504 1300 malagma
533 1215 583 1279 uel
614 1214 712 1280 fibula
745 1215 925 1299 apponitur,
961 1215 1047 1297 quia,
1082 1216 1109 1280 si
1143 1216 1233 1281 uelox
1267 1215 1362 1280 inerit

225 1319 264 1383 ad
294 1320 461 1383 caelestem
491 1320 647 1385 medicum
675 1319 806 1384 intentio
829 1321 1020 1403 resurgendi,
1050 1320 1219 1403 uestigium
1243 1319 1361 1404 peccati

224 1441 285 1488 non
315 1423 430 1506 poterit
460 1441 620 1489 remanere
654 1441 726 1488 oum
758 1424 857 1507 lapso,
891 1423 966 1507 qnia
998 1423 1056 1488 snb
1090 1441 1186 1490 manu
1219 1425 1362 1508 omnipo·

173 1553 198 1592 ιο
224 1527 318 1592 tentis
348 1527 459 1592 medici
489 1529 538 1592 dei
569 1532 600 1592 et
629 1528 690 1592 cito
712 1527 801 1612 ¹perit
830 1527 958 1592 morbus
991 1531 1024 1592 et
1054 1529 1203 1594 uelociter
1234 1533 1362 1593 sanatur

224 1635 379 1714 aegrotus.

268 1735 386 1800 Iterum
411 1739 502 1818 atque
525 1735 639 1800 iterum
661 1752 736 1818 rogo
757 1739 789 1800 et
808 1735 970 1817 admoneo,
994 1737 1117 1816 fratres,
1141 1740 1177 1800 ιιι
1196 1735 1363 1801 obocdien-

223 1839 300 1905 tiam
333 1843 366 1904 et
396 1839 608 1904 humilitatem
638 1843 670 1903 et
700 1840 860 1904 caritatem
894 1857 958 1904 non
991 1841 1093 1906 solum
1124 1841 1298 1906 senioribus
1329 1845 1363 1904 et

223 1943 453 2025 coaequalibus,
482 1942 535 2006 sed
564 1943 659 2007 etiam
686 1943 858 2008 iunioribus
886 1944 1030 2009 exhibere
1056 1945 1171 2029 iugiter
1198 1944 1362 2025 studeatiS,

172 2073 197 2114 ιι
223 2049 305 2130 quia,
328 2047 486 2130 quaelibet
504 2046 587 2111 bona
608 2065 717 2111 seruus
738 2047 788 2112 dei
808 2047 923 2112 habere
942 2049 1146 2128 contenderit,
1166 2049 1272 2112 omnia
1290 2067 1364 2131 per-

223 2153 332 2216 niciter
354 2151 467 2235 perdit,
498 2151 525 2214 si
548 2151 580 2214 in
602 2151 656 2216 illo
679 2151 838 2216 humilitas
863 2155 895 2216 et
921 2151 1035 2217 caritas
1062 2170 1136 2216 uera
1164 2171 1226 2218 non
1255 2152 1361 2216 luerit.

224 2256 320 2320 nolite
344 2273 550 2335 murmurare,
580 2255 703 2336 iratres,
734 2255 884 2338 scriptum
912 2259 960 2322 est
990 2257 1084 2337 enim,
1115 2255 1196 2338 quod
1219 2275 1364 2320 murmu-

223 2363 329 2424 rantes
353 2377 371 2424 a
394 2358 591 2443 serpentibus
612 2360 781 2441 perierunt.
820 2360 917 2426 nolite
940 2360 1111 2441 detrahere,
1133 2361 1258 2440 iratres,
1289 2361 1365 2443 quia

224 2465 376 2546 scriptum
408 2467 470 2528 est:
505 2464 567 2546 qui
598 2463 763 2528 detrahit
792 2464 919 2545 fratri,
950 2463 1217 2529 erudicabitur.
1264 2465 1364 2530 nolite

169 2568 415 2633 „decendium
445 2568 477 2632 in
507 2567 597 2632 corde
628 2586 763 2648 seruare,
793 2568 868 2650 quia
898 2569 1048 2652 scriptum
1078 2571 1140 2633 cst:
1175 2569 1232 2633 ira
1262 2569 1363 2633 enim

220 2671 294 2736 uiri
317 2671 503 2737 iustitiam
526 2672 585 2736 dei
612 2689 683 2736 non
710 2675 894 2756 operatur.
934 2671 1029 2736 nolite
1051 2691 1108 2737 uos
1131 2673 1267 2738 inuicem
1290 2673 1363 2737 odio

220 2775 335 2842 habere
366 2779 492 2861 propter
514 2776 601 2856 illud,
632 2777 714 2858 quod
737 2776 888 2860 scriptum
912 2779 972 2842 est:
1004 2775 1066 2858 qui
1098 2776 1177 2841 odit
1205 2777 1364 2842 fratrem

221 2899 342 2963 suum,
365 2880 551 2945 homicida
574 2883 640 2944 cst.
1470 2957 1471 2960 Ἴ

264 2983 324 3050 Sed
354 3001 415 3049 uon
445 3001 523 3067 opus
554 2987 612 3064 est,
643 2987 680 3047 ιιι
711 2983 826 3048 diutins
857 2987 999 3048 sanctam
1026 2983 1190 3048 caritatem
1220 2987 1366 3048 uestram

169 3115 195 3156 rs
220 3089 325 3153 uerbis
347 3088 523 3183 doceamus,
547 3088 630 3170 quod
653 3105 709 3152 uos
732 3088 771 3152 ad
788 3086 903 3153 Christi
918 3089 1050 3172 gloriam
1067 3087 1213 3170 operibus
1230 3088 1367 3170 implere

221 3197 254 3258 et
276 3193 492 3277 cognoscimus
522 3196 554 3256 et
579 3192 763 3278 gaudemus.
802 3193 861 3257 hoc
884 3193 985 3258 solum
1008 3192 1184 3274 specialiter
1210 3191 1366 3275 petimus,
1470 3253 1471 3256 ,

220 3300 265 3377 ιιι,
288 3297 361 3379 quia
387 3315 444 3362 uos
472 3296 548 3360 dens
571 3297 730 3361 inlocum
756 3296 869 3378 quietis
893 3300 925 3361 et
947 3295 1184 3379 tranquillitatis
1207 3296 1366 3362 collocare
1470 3289 1471 3294 ’

221 3401 365 3486 dignatus
389 3404 447 3481 est,
471 3419 526 3484 pro
549 3400 649 3480 uobis,
674 3417 750 3482 quos
774 3401 891 3465 saeculi
913 3400 1004 3464 istius
1027 3403 1232 3484 tempestates
1256 3404 1291 3464 et
1315 3402 1367 3466 iu-

221 3504 431 3570 oumerabilcs
455 3503 568 3569 fluctus
591 3504 746 3588 affligunt,
777 3503 987 3568 abundantius
1014 3504 1140 3569 domino
1164 3504 1367 3587 supplicetis,

168 3635 194 3675 ιι
220 3614 265 3690 ut,
297 3610 323 3673 si
353 3609 453 3690 nobis,
484 3611 640 3692 quianon
664 3627 830 3688 meremur,
861 3609 961 3692 gloria
988 3626 1049 3673 non
1077 3609 1213 3690 dabitur,
1244 3610 1367 3675 saltem

222 3714 311 3780 uobis
334 3713 497 3778 orantibus
520 3717 717 3797 peccatorum
740 3713 833 3777 uenia
855 3711 1019 3777 tribuatur.
1057 3711 1172 3776 Amen.

325 3955 369 4026 ιι]
387 3955 561 4018 humato.
600 3954 644 4024 19]
662 3953 714 4008 ιιι.
727 3955 753 4018 ι,
765 3956 806 4018 11.
842 3953 888 4024 ao]
907 3953 1047 4018 neam.
1083 3953 1130 4024 aa]
1152 3953 1369 4019 osannam.

264 4181 482 4238 lhumiliauerit
498 4199 522 4250 o,
541 4179 667 4234 humiliat
684 4181 749 4236 labri
813 4180 919 4235 ocrim
936 4180 1070 4236 omncs
1142 4185 1174 4238 lo
1193 4181 1235 4235 dci
1254 4199 1309 4238 οιιι.
1330 4187 1372 4242 Oe

221 4272 252 4324 15
271 4269 408 4323 contendit
425 4271 485 4323 eto
539 4269 570 4324 17
584 4267 885 4336 scriptum-quiaodd
899 4268 938 4322 B²
953 4269 985 4322 ιἰι
996 4285 1081 4338 many.
1134 4269 1253 4323 hdeniun
1266 4287 1325 4325 ouo.
1340 4275 1370 4329 A

219 4356 253 4410 24
271 4358 311 4408 ost
329 4371 394 4424 opus
413 4355 439 4408 A
493 4353 652 4422 nequies
705 4355 739 4410 30
757 4354 802 4422 qui
822 4353 862 4408 Oo
