<?xml version="1.0" encoding="UTF-8"?>
<!DOCTYPE html PUBLIC "-//W3C//DTD XHTML 1.0 Transitional//EN"
    "http://www.w3.org/TR/xhtml1/DTD/xhtml1-transitional.dtd">
<html xmlns="http://www.w3.org/1999/xhtml" xml:lang="en" lang="en">
 <head>
  <title>
</title>
<meta http-equiv="Content-Type" content="text/html;charset=utf-8" />
  <meta name='ocr-system' content='tesseract 3.04.00' />
  <meta name='ocr-capabilities' content='ocr_page ocr_carea ocr_par ocr_line ocrx_word'/>
</head>
<body>
  <div class='ocr_page' id='page_1' title='image "./praetersermones00fausgoog/praetersermones00fausgoog_0109.png"; bbox 0 0 2920 4930; ppageno 0'>
   <div class='ocr_carea' id='block_1_1' title="bbox 513 412 1189 476">
    <p class='ocr_par' dir='ltr' id='par_1_1' title="bbox 513 412 1189 476">
     <span class='ocr_line' id='line_1_1' title="bbox 513 412 1189 476; baseline 0.015 -10"><span class='ocrx_word' id='word_1_1' title='bbox 513 412 609 466; x_wconf 74' lang='lat' dir='ltr'>hiber</span> <span class='ocrx_word' id='word_1_2' title='bbox 627 413 640 467; x_wconf 92' lang='lat'>1</span> <span class='ocrx_word' id='word_1_3' title='bbox 659 416 735 469; x_wconf 84' lang='lat'>5-6.</span> <span class='ocrx_word' id='word_1_4' title='bbox 1150 413 1189 476; x_wconf 78' lang='grc'>21</span> 
     </span>
    </p>
   </div>
   <div class='ocr_carea' id='block_1_2' title="bbox 69 586 1191 776">
    <p class='ocr_par' dir='ltr' id='par_1_2' title="bbox 69 586 1191 776">
     <span class='ocr_line' id='line_1_2' title="bbox 70 586 1191 672; baseline 0.004 -25"><span class='ocrx_word' id='word_1_5' title='bbox 70 586 248 669; x_wconf 75' lang='lat' dir='ltr'>impietatem</span> <span class='ocrx_word' id='word_1_6' title='bbox 263 589 364 652; x_wconf 89' lang='lat' dir='ltr'>nescis</span> <span class='ocrx_word' id='word_1_7' title='bbox 381 589 534 672; x_wconf 78' lang='lat' dir='ltr'>refugere,</span> <span class='ocrx_word' id='word_1_8' title='bbox 551 589 589 652; x_wconf 91' lang='lat' dir='ltr'>ad</span> <span class='ocrx_word' id='word_1_9' title='bbox 602 588 857 652; x_wconf 76' lang='lat' dir='ltr'>Manichaeorum</span> <span class='ocrx_word' id='word_1_10' title='bbox 871 589 985 672; x_wconf 85' lang='lat' dir='ltr'>dogma</span> <span class='ocrx_word' id='word_1_11' title='bbox 998 588 1191 671; x_wconf 87' lang='lat' dir='ltr'>pestiferum,</span> 
     </span>
     <span class='ocr_line' id='line_1_3' title="bbox 69 689 1190 776; baseline 0.003 -24"><span class='ocrx_word' id='word_1_12' title='bbox 69 691 110 771; x_wconf 89' lang='lat' dir='ltr'>qni</span> <span class='ocrx_word' id='word_1_13' title='bbox 134 689 266 756; x_wconf 84' lang='lat' dir='ltr'>liberum</span> <span class='ocrx_word' id='word_1_14' title='bbox 293 691 455 758; x_wconf 73' lang='lat' dir='ltr'>arbitrium</span> <span class='ocrx_word' id='word_1_15' title='bbox 483 696 583 757; x_wconf 90' lang='lat' dir='ltr'>totum</span> <span class='ocrx_word' id='word_1_16' title='bbox 607 693 773 776; x_wconf 86' lang='lat' dir='ltr'>denegant,</span> <span class='ocrx_word' id='word_1_17' title='bbox 802 695 832 756; x_wconf 89' lang='lat' dir='ltr'>tc</span> <span class='ocrx_word' id='word_1_18' title='bbox 856 692 1002 776; x_wconf 84' lang='lat' dir='ltr'>intellege</span> <span class='ocrx_word' id='word_1_19' title='bbox 1026 693 1190 758; x_wconf 89' lang='lat' dir='ltr'>declinare.</span> 
     </span>
    </p>
   </div>
   <div class='ocr_carea' id='block_1_3' title="bbox 596 901 649 966">
    <p class='ocr_par' dir='ltr' id='par_1_3' title="bbox 596 901 649 966">
     <span class='ocr_line' id='line_1_4' title="bbox 596 901 649 966; baseline -0.019 0"><span class='ocrx_word' id='word_1_20' title='bbox 596 901 649 966; x_wconf 93' lang='lat' dir='ltr'>Vl.</span> 
     </span>
    </p>
   </div>
   <div class='ocr_carea' id='block_1_4' title="bbox 66 1043 1241 1367">
    <p class='ocr_par' dir='ltr' id='par_1_4' title="bbox 66 1043 1241 1367">
     <span class='ocr_line' id='line_1_5' title="bbox 68 1043 1188 1104; baseline -0.001 -20"><span class='ocrx_word' id='word_1_21' title='bbox 68 1043 203 1090; x_wconf 77' lang='lat' dir='ltr'>Quonono</span> <span class='ocrx_word' id='word_1_22' title='bbox 220 1045 485 1086; x_wconf 69' lang='lat' dir='ltr'><strong>INTELLEOENDUM</strong></span> <span class='ocrx_word' id='word_1_23' title='bbox 502 1045 567 1086; x_wconf 81' lang='lat' dir='ltr'>srr:</span> <span class='ocrx_word' id='word_1_24' title='bbox 592 1043 721 1104; x_wconf 66' lang='lat' dir='ltr'>Gnarus,</span> <span class='ocrx_word' id='word_1_25' title='bbox 744 1045 861 1104; x_wconf 75' lang='lat' dir='ltr'>anurr,</span> <span class='ocrx_word' id='word_1_26' title='bbox 884 1043 975 1086; x_wconf 76' lang='lat' dir='ltr'>entur</span> <span class='ocrx_word' id='word_1_27' title='bbox 992 1043 1084 1084; x_wconf 69' lang='lat' dir='ltr'>raom</span> <span class='ocrx_word' id='word_1_28' title='bbox 1101 1043 1188 1084; x_wconf 75' lang='lat' dir='ltr'>ustus</span> 
     </span>
     <span class='ocr_line' id='line_1_6' title="bbox 67 1126 1241 1193; baseline 0.002 -24"><span class='ocrx_word' id='word_1_29' title='bbox 67 1131 115 1171; x_wconf 72' lang='lat' dir='ltr'>PER</span> <span class='ocrx_word' id='word_1_30' title='bbox 137 1133 243 1193; x_wconf 68' lang='lat' dir='ltr'>FIDEH,</span> <span class='ocrx_word' id='word_1_31' title='bbox 267 1133 307 1172; x_wconf 74' lang='lat' dir='ltr'>nt·</span> <span class='ocrx_word' id='word_1_32' title='bbox 330 1131 391 1174; x_wconf 78' lang='lat' dir='ltr'>HOO</span> <span class='ocrx_word' id='word_1_33' title='bbox 414 1133 475 1174; x_wconf 78' lang='lat' dir='ltr'>NON</span> <span class='ocrx_word' id='word_1_34' title='bbox 490 1133 530 1172; x_wconf 72' lang='lat' dir='ltr'>EX</span> <span class='ocrx_word' id='word_1_35' title='bbox 548 1132 646 1174; x_wconf 78' lang='lat' dir='ltr'><strong>UOBlS.</strong></span> <span class='ocrx_word' id='word_1_36' title='bbox 671 1133 725 1172; x_wconf 70' lang='lat' dir='ltr'>DEI</span> <span class='ocrx_word' id='word_1_37' title='bbox 746 1133 822 1172; x_wconf 69' lang='lat' dir='ltr'>ENIH</span> <span class='ocrx_word' id='word_1_38' title='bbox 842 1131 951 1172; x_wconf 76' lang='lat' dir='ltr'>Donum</span> <span class='ocrx_word' id='word_1_39' title='bbox 972 1129 1040 1191; x_wconf 74' lang='lat' dir='ltr'>EST,</span> <span class='ocrx_word' id='word_1_40' title='bbox 1063 1130 1125 1171; x_wconf 79' lang='lat' dir='ltr'>NON</span> <span class='ocrx_word' id='word_1_41' title='bbox 1147 1133 1187 1171; x_wconf 76' lang='lat' dir='ltr'>EX</span> <span class='ocrx_word' id='word_1_42' title='bbox 1228 1126 1241 1162; x_wconf 78' lang='lat'><strong>5</strong></span> 
     </span>
     <span class='ocr_line' id='line_1_7' title="bbox 67 1217 1187 1280; baseline 0.002 -24"><span class='ocrx_word' id='word_1_43' title='bbox 67 1217 214 1280; x_wconf 71' lang='lat' dir='ltr'>crumena,</span> <span class='ocrx_word' id='word_1_44' title='bbox 236 1220 278 1260; x_wconf 72' lang='lat' dir='ltr'>NE</span> <span class='ocrx_word' id='word_1_45' title='bbox 302 1219 372 1267; x_wconf 82' lang='lat' dir='ltr'>Qms</span> <span class='ocrx_word' id='word_1_46' title='bbox 396 1219 582 1261; x_wconf 70' lang='lat' dir='ltr'>otomanus.</span> <span class='ocrx_word' id='word_1_47' title='bbox 614 1219 667 1260; x_wconf 85' lang='lat' dir='ltr'>UBI</span> <span class='ocrx_word' id='word_1_48' title='bbox 687 1220 728 1260; x_wconf 73' lang='lat' dir='ltr'>BT</span> <span class='ocrx_word' id='word_1_49' title='bbox 748 1219 840 1260; x_wconf 70' lang='lat' dir='ltr'>Frons</span> <span class='ocrx_word' id='word_1_50' title='bbox 860 1219 953 1260; x_wconf 68' lang='lat' dir='ltr'>turult</span> <span class='ocrx_word' id='word_1_51' title='bbox 968 1217 1070 1276; x_wconf 68' lang='lat' dir='ltr'>OPERA</span> <span class='ocrx_word' id='word_1_52' title='bbox 1091 1218 1187 1258; x_wconf 71' lang='lat' dir='ltr'><strong>NOME-</strong></span> 
     </span>
     <span class='ocr_line' id='line_1_8' title="bbox 66 1303 1186 1367; baseline 0.004 -25"><span class='ocrx_word' id='word_1_53' title='bbox 66 1303 156 1348; x_wconf 75' lang='lat' dir='ltr'>aarum</span> <span class='ocrx_word' id='word_1_54' title='bbox 170 1307 211 1346; x_wconf 76' lang='grc' dir='ltr'>ΒΤ</span> <span class='ocrx_word' id='word_1_55' title='bbox 228 1306 317 1348; x_wconf 83' lang='lat' dir='ltr'>OlBUS</span> <span class='ocrx_word' id='word_1_56' title='bbox 332 1306 423 1347; x_wconf 75' lang='lat' dir='ltr'><strong>LEGIS</strong></span> <span class='ocrx_word' id='word_1_57' title='bbox 439 1303 564 1367; x_wconf 69' lang='lat' dir='ltr'>raanan,</span> <span class='ocrx_word' id='word_1_58' title='bbox 577 1306 665 1347; x_wconf 73' lang='lat' dir='ltr'>clads</span> <span class='ocrx_word' id='word_1_59' title='bbox 677 1306 817 1348; x_wconf 75' lang='lat' dir='ltr'><strong>ORA&#39;HAE</strong></span> <span class='ocrx_word' id='word_1_60' title='bbox 830 1305 957 1346; x_wconf 68' lang='lat' dir='ltr'>MANERE</span> <span class='ocrx_word' id='word_1_61' title='bbox 970 1304 1186 1347; x_wconf 66' lang='lat' dir='ltr'>obscurandum.</span> 
     </span>
    </p>
   </div>
   <div class='ocr_carea' id='block_1_5' title="bbox 56 1421 1237 3698">
    <p class='ocr_par' dir='ltr' id='par_1_5' title="bbox 57 1421 1237 3384">
     <span class='ocr_line' id='line_1_9' title="bbox 99 1421 1187 1507; baseline -0.002 -19"><span class='ocrx_word' id='word_1_62' title='bbox 99 1421 177 1488; x_wconf 86' lang='lat' dir='ltr'>Sicut</span> <span class='ocrx_word' id='word_1_63' title='bbox 199 1425 281 1488; x_wconf 90' lang='lat' dir='ltr'>inter</span> <span class='ocrx_word' id='word_1_64' title='bbox 304 1441 398 1507; x_wconf 89' lang='lat' dir='ltr'>opera</span> <span class='ocrx_word' id='word_1_65' title='bbox 419 1424 499 1507; x_wconf 87' lang='lat' dir='ltr'>legis</span> <span class='ocrx_word' id='word_1_66' title='bbox 522 1427 554 1487; x_wconf 89' lang='lat' dir='ltr'>et</span> <span class='ocrx_word' id='word_1_67' title='bbox 573 1423 646 1487; x_wconf 89' lang='lat' dir='ltr'>fidei</span> <span class='ocrx_word' id='word_1_68' title='bbox 661 1423 796 1487; x_wconf 84' lang='lat' dir='ltr'>desidiae</span> <span class='ocrx_word' id='word_1_69' title='bbox 812 1423 930 1487; x_wconf 90' lang='lat' dir='ltr'>amicus</span> <span class='ocrx_word' id='word_1_70' title='bbox 946 1426 978 1486; x_wconf 90' lang='lat' dir='ltr'>et</span> <span class='ocrx_word' id='word_1_71' title='bbox 993 1421 1187 1487; x_wconf 80' lang='lat' dir='ltr'>discretionis</span> 
     </span>
     <span class='ocr_line' id='line_1_10' title="bbox 64 1525 1187 1612; baseline 0.002 -24"><span class='ocrx_word' id='word_1_72' title='bbox 64 1526 175 1608; x_wconf 85' lang='lat' dir='ltr'>ignarus</span> <span class='ocrx_word' id='word_1_73' title='bbox 199 1528 239 1592; x_wconf 90' lang='lat' dir='ltr'>ab</span> <span class='ocrx_word' id='word_1_74' title='bbox 262 1528 495 1612; x_wconf 86' lang='lat' dir='ltr'>intellegentiae</span> <span class='ocrx_word' id='word_1_75' title='bbox 519 1529 642 1592; x_wconf 88' lang='lat' dir='ltr'>tramite</span> <span class='ocrx_word' id='word_1_76' title='bbox 666 1525 808 1607; x_wconf 75' lang='lat' dir='ltr'>demasii,</span> <span class='ocrx_word' id='word_1_77' title='bbox 832 1527 875 1591; x_wconf 90' lang='lat' dir='ltr'>ita</span> <span class='ocrx_word' id='word_1_78' title='bbox 895 1527 977 1591; x_wconf 90' lang='lat' dir='ltr'>inter</span> <span class='ocrx_word' id='word_1_79' title='bbox 993 1527 1052 1590; x_wconf 95' lang='lat' dir='ltr'>duo</span> <span class='ocrx_word' id='word_1_80' title='bbox 1068 1527 1187 1610; x_wconf 85' lang='lat' dir='ltr'>gratiae</span> 
     </span>
     <span class='ocr_line' id='line_1_11' title="bbox 64 1631 1237 1716; baseline 0.002 -24"><span class='ocrx_word' id='word_1_81' title='bbox 64 1640 189 1714; x_wconf 87' lang='lat' dir='ltr'>tempora</span> <span class='ocrx_word' id='word_1_82' title='bbox 211 1633 447 1716; x_wconf 88' lang='lat' dir='ltr'>persuasionem</span> <span class='ocrx_word' id='word_1_83' title='bbox 462 1637 549 1696; x_wconf 88' lang='lat' dir='ltr'>tuam</span> <span class='ocrx_word' id='word_1_84' title='bbox 565 1632 737 1715; x_wconf 89' lang='lat' dir='ltr'>pessimum</span> <span class='ocrx_word' id='word_1_85' title='bbox 753 1632 863 1695; x_wconf 88' lang='lat' dir='ltr'>ducem</span> <span class='ocrx_word' id='word_1_86' title='bbox 880 1634 1005 1695; x_wconf 88' lang='lat' dir='ltr'>secutus</span> <span class='ocrx_word' id='word_1_87' title='bbox 1027 1631 1185 1694; x_wconf 91' lang='lat' dir='ltr'>lucentem</span> <span class='ocrx_word' id='word_1_88' title='bbox 1214 1647 1237 1683; x_wconf 85' lang='lat'>1⁰</span> 
     </span>
     <span class='ocr_line' id='line_1_12' title="bbox 64 1735 1187 1820; baseline 0.003 -25"><span class='ocrx_word' id='word_1_89' title='bbox 64 1735 218 1801; x_wconf 86' lang='lat' dir='ltr'>catholicae</span> <span class='ocrx_word' id='word_1_90' title='bbox 235 1737 308 1801; x_wconf 88' lang='lat' dir='ltr'>fidei</span> <span class='ocrx_word' id='word_1_91' title='bbox 323 1738 465 1820; x_wconf 83' lang='lat' dir='ltr'>regulam</span> <span class='ocrx_word' id='word_1_92' title='bbox 477 1736 646 1820; x_wconf 82' lang='lat' dir='ltr'>perdidisti.</span> <span class='ocrx_word' id='word_1_93' title='bbox 678 1740 802 1819; x_wconf 92' lang='lat' dir='ltr'>tempus</span> <span class='ocrx_word' id='word_1_94' title='bbox 818 1736 946 1820; x_wconf 64' lang='lat' dir='ltr'>gratiae³</span> <span class='ocrx_word' id='word_1_95' title='bbox 963 1753 1022 1816; x_wconf 90' lang='lat' dir='ltr'>quo</span> <span class='ocrx_word' id='word_1_96' title='bbox 1035 1735 1187 1817; x_wconf 88' lang='lat' dir='ltr'>redempti</span> 
     </span>
     <span class='ocr_line' id='line_1_13' title="bbox 63 1841 1186 1924; baseline 0.004 -25"><span class='ocrx_word' id='word_1_97' title='bbox 63 1857 166 1921; x_wconf 86' lang='lat' dir='ltr'>sumus,</span> <span class='ocrx_word' id='word_1_98' title='bbox 183 1841 297 1906; x_wconf 87' lang='lat' dir='ltr'>merita</span> <span class='ocrx_word' id='word_1_99' title='bbox 312 1841 477 1906; x_wconf 90' lang='lat' dir='ltr'>hominum</span> <span class='ocrx_word' id='word_1_100' title='bbox 493 1860 554 1905; x_wconf 91' lang='lat' dir='ltr'>non</span> <span class='ocrx_word' id='word_1_101' title='bbox 571 1842 755 1924; x_wconf 81' lang='lat' dir='ltr'>expectauit,</span> <span class='ocrx_word' id='word_1_102' title='bbox 772 1858 865 1924; x_wconf 88' lang='lat' dir='ltr'>opera</span> <span class='ocrx_word' id='word_1_103' title='bbox 880 1841 1003 1922; x_wconf 91' lang='lat' dir='ltr'>penitus</span> <span class='ocrx_word' id='word_1_104' title='bbox 1017 1859 1078 1905; x_wconf 90' lang='lat' dir='ltr'>non</span> <span class='ocrx_word' id='word_1_105' title='bbox 1091 1859 1186 1921; x_wconf 89' lang='lat' dir='ltr'>quae-</span> 
     </span>
     <span class='ocr_line' id='line_1_14' title="bbox 62 1943 1186 2025; baseline 0.004 -21"><span class='ocrx_word' id='word_1_106' title='bbox 62 1943 134 2025; x_wconf 80' lang='lat' dir='ltr'>siuit,</span> <span class='ocrx_word' id='word_1_107' title='bbox 157 1946 224 2010; x_wconf 89' lang='lat' dir='ltr'>sola</span> <span class='ocrx_word' id='word_1_108' title='bbox 247 1945 323 2010; x_wconf 88' lang='lat' dir='ltr'>deus</span> <span class='ocrx_word' id='word_1_109' title='bbox 346 1945 418 2010; x_wconf 88' lang='lat' dir='ltr'>fidei</span> <span class='ocrx_word' id='word_1_110' title='bbox 438 1949 562 2010; x_wconf 87' lang='lat' dir='ltr'>nostrae</span> <span class='ocrx_word' id='word_1_111' title='bbox 578 1945 742 2009; x_wconf 91' lang='lat' dir='ltr'>deuotione</span> <span class='ocrx_word' id='word_1_112' title='bbox 759 1948 923 2008; x_wconf 87' lang='lat' dir='ltr'>contentus</span> <span class='ocrx_word' id='word_1_113' title='bbox 939 1944 998 2008; x_wconf 83' lang='lat' dir='ltr'>fuit</span> <span class='ocrx_word' id='word_1_114' title='bbox 1014 1944 1186 2008; x_wconf 91' lang='lat' dir='ltr'>secundnm</span> 
     </span>
     <span class='ocr_line' id='line_1_15' title="bbox 63 2047 1186 2132; baseline 0.003 -23"><span class='ocrx_word' id='word_1_115' title='bbox 63 2047 127 2111; x_wconf 92' lang='lat' dir='ltr'>illud</span> <span class='ocrx_word' id='word_1_116' title='bbox 148 2049 297 2132; x_wconf 84' lang='lat' dir='ltr'>apostati:</span> <span class='ocrx_word' id='word_1_117' title='bbox 327 2049 487 2114; x_wconf 91' lang='lat' dir='ltr'>credidit</span> <span class='ocrx_word' id='word_1_118' title='bbox 513 2048 701 2114; x_wconf 85' lang='lat' dir='ltr'>Abraham</span> <span class='ocrx_word' id='word_1_119' title='bbox 729 2048 794 2112; x_wconf 92' lang='lat' dir='ltr'>deo</span> <span class='ocrx_word' id='word_1_120' title='bbox 822 2052 858 2113; x_wconf 88' lang='lat' dir='ltr'>et</span> <span class='ocrx_word' id='word_1_121' title='bbox 884 2051 1098 2130; x_wconf 89' lang='lat' dir='ltr'>reputatum</span> <span class='ocrx_word' id='word_1_122' title='bbox 1129 2051 1186 2112; x_wconf 88' lang='lat' dir='ltr'>est</span> 
     </span>
     <span class='ocr_line' id='line_1_16' title="bbox 61 2150 1236 2234; baseline 0.003 -21"><span class='ocrx_word' id='word_1_123' title='bbox 61 2150 109 2214; x_wconf 94' lang='lat' dir='ltr'>illi</span> <span class='ocrx_word' id='word_1_124' title='bbox 129 2154 170 2217; x_wconf 86' lang='lat' dir='ltr'>ad</span> <span class='ocrx_word' id='word_1_125' title='bbox 193 2154 398 2234; x_wconf 88' lang='lat' dir='ltr'>iustitiam,</span> <span class='ocrx_word' id='word_1_126' title='bbox 421 2154 501 2218; x_wconf 91' lang='lat' dir='ltr'>sicut</span> <span class='ocrx_word' id='word_1_127' title='bbox 524 2157 554 2218; x_wconf 90' lang='lat' dir='ltr'>et</span> <span class='ocrx_word' id='word_1_128' title='bbox 577 2153 637 2217; x_wconf 89' lang='lat' dir='ltr'>alio</span> <span class='ocrx_word' id='word_1_129' title='bbox 653 2153 720 2218; x_wconf 89' lang='lat' dir='ltr'>loco</span> <span class='ocrx_word' id='word_1_130' title='bbox 737 2153 827 2216; x_wconf 88' lang='lat' dir='ltr'>dicit:</span> <span class='ocrx_word' id='word_1_131' title='bbox 851 2153 973 2216; x_wconf 91' lang='lat' dir='ltr'>iustus</span> <span class='ocrx_word' id='word_1_132' title='bbox 998 2155 1121 2216; x_wconf 91' lang='lat' dir='ltr'>autem</span> <span class='ocrx_word' id='word_1_133' title='bbox 1144 2171 1184 2216; x_wconf 85' lang='lat' dir='ltr'>er</span> <span class='ocrx_word' id='word_1_134' title='bbox 1213 2165 1236 2204; x_wconf 86' lang='lat'>1⁵</span> 
     </span>
     <span class='ocr_line' id='line_1_17' title="bbox 61 2253 1185 2340; baseline 0.003 -23"><span class='ocrx_word' id='word_1_135' title='bbox 61 2255 124 2321; x_wconf 88' lang='lat' dir='ltr'>lide</span> <span class='ocrx_word' id='word_1_136' title='bbox 146 2276 225 2322; x_wconf 86' lang='lat' dir='ltr'>mea</span> <span class='ocrx_word' id='word_1_137' title='bbox 246 2253 352 2322; x_wconf 76' lang='lat' dir='ltr'>uidit.</span> <span class='ocrx_word' id='word_1_138' title='bbox 389 2257 484 2340; x_wconf 92' lang='lat' dir='ltr'>quod</span> <span class='ocrx_word' id='word_1_139' title='bbox 514 2257 544 2321; x_wconf 92' lang='lat' dir='ltr'>si</span> <span class='ocrx_word' id='word_1_140' title='bbox 572 2257 804 2322; x_wconf 82' lang='lat' dir='ltr'>subtraxerit</span> <span class='ocrx_word' id='word_1_141' title='bbox 834 2276 886 2338; x_wconf 86' lang='lat' dir='ltr'>se,</span> <span class='ocrx_word' id='word_1_142' title='bbox 918 2273 990 2322; x_wconf 93' lang='lat' dir='ltr'>non</span> <span class='ocrx_word' id='word_1_143' title='bbox 1019 2256 1185 2340; x_wconf 89' lang='lat' dir='ltr'>placebit</span> 
     </span>
     <span class='ocr_line' id='line_1_18' title="bbox 60 2360 1183 2443; baseline 0.002 -21"><span class='ocrx_word' id='word_1_144' title='bbox 60 2361 189 2426; x_wconf 86' lang='lat' dir='ltr'>animae</span> <span class='ocrx_word' id='word_1_145' title='bbox 212 2380 323 2426; x_wconf 89' lang='lat' dir='ltr'>meae.</span> <span class='ocrx_word' id='word_1_146' title='bbox 362 2361 481 2426; x_wconf 87' lang='lat' dir='ltr'>iustum</span> <span class='ocrx_word' id='word_1_147' title='bbox 508 2381 580 2426; x_wconf 87' lang='lat' dir='ltr'>eum</span> <span class='ocrx_word' id='word_1_148' title='bbox 609 2365 641 2426; x_wconf 90' lang='lat' dir='ltr'>et</span> <span class='ocrx_word' id='word_1_149' title='bbox 667 2381 704 2426; x_wconf 84' lang='lat' dir='ltr'>er</span> <span class='ocrx_word' id='word_1_150' title='bbox 730 2360 790 2424; x_wconf 90' lang='lat' dir='ltr'>fide</span> <span class='ocrx_word' id='word_1_151' title='bbox 818 2361 922 2426; x_wconf 90' lang='lat' dir='ltr'>uiuere</span> <span class='ocrx_word' id='word_1_152' title='bbox 946 2361 1088 2441; x_wconf 84' lang='lat' dir='ltr'>asseruit,</span> <span class='ocrx_word' id='word_1_153' title='bbox 1112 2362 1183 2443; x_wconf 86' lang='lat' dir='ltr'>qnia</span> 
     </span>
     <span class='ocr_line' id='line_1_19' title="bbox 60 2465 1183 2548; baseline 0.004 -23"><span class='ocrx_word' id='word_1_154' title='bbox 60 2465 81 2526; x_wconf 91' lang='lat' dir='ltr'>ei</span> <span class='ocrx_word' id='word_1_155' title='bbox 108 2465 197 2531; x_wconf 85' lang='lat' dir='ltr'>tidem</span> <span class='ocrx_word' id='word_1_156' title='bbox 228 2471 260 2531; x_wconf 91' lang='lat' dir='ltr'>et</span> <span class='ocrx_word' id='word_1_157' title='bbox 288 2465 442 2531; x_wconf 88' lang='lat' dir='ltr'>iustitiam</span> <span class='ocrx_word' id='word_1_158' title='bbox 472 2467 633 2548; x_wconf 86' lang='lat' dir='ltr'>quaerenti</span> <span class='ocrx_word' id='word_1_159' title='bbox 663 2466 833 2530; x_wconf 82' lang='lat' dir='ltr'>contulisse</span> <span class='ocrx_word' id='word_1_160' title='bbox 864 2485 896 2530; x_wconf 90' lang='lat' dir='ltr'>se</span> <span class='ocrx_word' id='word_1_161' title='bbox 929 2465 1081 2530; x_wconf 88' lang='lat' dir='ltr'>meminit.</span> <span class='ocrx_word' id='word_1_162' title='bbox 1128 2466 1183 2530; x_wconf 91' lang='lat' dir='ltr'>sed</span> 
     </span>
     <span class='ocr_line' id='line_1_20' title="bbox 59 2567 1182 2652; baseline 0.004 -22"><span class='ocrx_word' id='word_1_163' title='bbox 59 2567 189 2636; x_wconf 87' lang='lat' dir='ltr'>dicendo:</span> <span class='ocrx_word' id='word_1_164' title='bbox 214 2569 309 2652; x_wconf 91' lang='lat' dir='ltr'>qnod</span> <span class='ocrx_word' id='word_1_165' title='bbox 332 2571 363 2634; x_wconf 89' lang='lat' dir='ltr'>si</span> <span class='ocrx_word' id='word_1_166' title='bbox 386 2569 619 2634; x_wconf 82' lang='lat' dir='ltr'>subtraxerit</span> <span class='ocrx_word' id='word_1_167' title='bbox 642 2589 694 2651; x_wconf 89' lang='lat' dir='ltr'>sc,</span> <span class='ocrx_word' id='word_1_168' title='bbox 718 2588 790 2634; x_wconf 88' lang='lat' dir='ltr'>cum</span> <span class='ocrx_word' id='word_1_169' title='bbox 814 2570 852 2634; x_wconf 90' lang='lat' dir='ltr'>ad</span> <span class='ocrx_word' id='word_1_170' title='bbox 875 2570 966 2634; x_wconf 91' lang='lat' dir='ltr'>deuia</span> <span class='ocrx_word' id='word_1_171' title='bbox 988 2570 1182 2635; x_wconf 90' lang='lat' dir='ltr'>uoluntarius</span> 
     </span>
     <span class='ocr_line' id='line_1_21' title="bbox 59 2669 1234 2759; baseline 0.006 -26"><span class='ocrx_word' id='word_1_172' title='bbox 59 2669 222 2752; x_wconf 79' lang='lat' dir='ltr'>declinauit,</span> <span class='ocrx_word' id='word_1_173' title='bbox 247 2692 308 2738; x_wconf 93' lang='lat' dir='ltr'>non</span> <span class='ocrx_word' id='word_1_174' title='bbox 332 2675 424 2758; x_wconf 92' lang='lat' dir='ltr'>periit</span> <span class='ocrx_word' id='word_1_175' title='bbox 447 2675 536 2757; x_wconf 89' lang='lat' dir='ltr'>quasi</span> <span class='ocrx_word' id='word_1_176' title='bbox 552 2675 729 2755; x_wconf 89' lang='lat' dir='ltr'>derelictus,</span> <span class='ocrx_word' id='word_1_177' title='bbox 752 2675 805 2758; x_wconf 92' lang='lat' dir='ltr'>qui</span> <span class='ocrx_word' id='word_1_178' title='bbox 828 2695 861 2740; x_wconf 91' lang='lat' dir='ltr'>se</span> <span class='ocrx_word' id='word_1_179' title='bbox 884 2675 1037 2759; x_wconf 87' lang='lat' dir='ltr'>ingerenti</span> <span class='ocrx_word' id='word_1_180' title='bbox 1060 2676 1181 2740; x_wconf 89' lang='lat' dir='ltr'>miseri·</span> <span class='ocrx_word' id='word_1_181' title='bbox 1208 2693 1234 2731; x_wconf 80' lang='lat'>2⁰</span> 
     </span>
     <span class='ocr_line' id='line_1_22' title="bbox 58 2777 1182 2863; baseline 0.006 -27"><span class='ocrx_word' id='word_1_182' title='bbox 58 2777 164 2842; x_wconf 86' lang='lat' dir='ltr'>cordiae</span> <span class='ocrx_word' id='word_1_183' title='bbox 181 2779 337 2843; x_wconf 84' lang='lat' dir='ltr'>subtranit</span> <span class='ocrx_word' id='word_1_184' title='bbox 352 2779 503 2863; x_wconf 85' lang='lat' dir='ltr'>ingratus.</span> <span class='ocrx_word' id='word_1_185' title='bbox 535 2779 612 2842; x_wconf 91' lang='lat' dir='ltr'>item</span> <span class='ocrx_word' id='word_1_186' title='bbox 629 2779 668 2844; x_wconf 88' lang='lat' dir='ltr'>ad</span> <span class='ocrx_word' id='word_1_187' title='bbox 683 2779 862 2843; x_wconf 89' lang='lat' dir='ltr'>Hebraeos:</span> <span class='ocrx_word' id='word_1_188' title='bbox 886 2779 1035 2843; x_wconf 90' lang='lat' dir='ltr'>credere</span> <span class='ocrx_word' id='word_1_189' title='bbox 1059 2783 1182 2843; x_wconf 89' lang='lat' dir='ltr'>autem</span> 
     </span>
     <span class='ocr_line' id='line_1_23' title="bbox 58 2883 1181 2966; baseline 0.004 -22"><span class='ocrx_word' id='word_1_190' title='bbox 58 2885 190 2960; x_wconf 86' lang='lat' dir='ltr'>oportet</span> <span class='ocrx_word' id='word_1_191' title='bbox 205 2883 445 2948; x_wconf 88' lang='lat' dir='ltr'>accedentem</span> <span class='ocrx_word' id='word_1_192' title='bbox 462 2883 504 2947; x_wconf 88' lang='lat' dir='ltr'>ad</span> <span class='ocrx_word' id='word_1_193' title='bbox 521 2883 638 2964; x_wconf 90' lang='lat' dir='ltr'>deum,</span> <span class='ocrx_word' id='word_1_194' title='bbox 654 2884 739 2965; x_wconf 91' lang='lat' dir='ltr'>quia</span> <span class='ocrx_word' id='word_1_195' title='bbox 755 2887 826 2964; x_wconf 88' lang='lat' dir='ltr'>est,</span> <span class='ocrx_word' id='word_1_196' title='bbox 850 2887 886 2948; x_wconf 89' lang='lat' dir='ltr'>et</span> <span class='ocrx_word' id='word_1_197' title='bbox 901 2883 1181 2966; x_wconf 89' lang='lat' dir='ltr'>inquirentibus</span> 
     </span>
     <span class='ocr_line' id='line_1_24' title="bbox 58 2987 1182 3070; baseline 0.003 -22"><span class='ocrx_word' id='word_1_198' title='bbox 58 3001 88 3044; x_wconf 81' lang='lat' dir='ltr'>se</span> <span class='ocrx_word' id='word_1_199' title='bbox 112 2991 368 3052; x_wconf 90' lang='lat' dir='ltr'>remunerator</span> <span class='ocrx_word' id='word_1_200' title='bbox 395 2987 450 3052; x_wconf 81' lang='lat' dir='ltr'>rit.</span> <span class='ocrx_word' id='word_1_201' title='bbox 495 3005 588 3070; x_wconf 90' lang='lat' dir='ltr'>quam</span> <span class='ocrx_word' id='word_1_202' title='bbox 620 2987 700 3052; x_wconf 90' lang='lat' dir='ltr'>bene</span> <span class='ocrx_word' id='word_1_203' title='bbox 731 2991 763 3052; x_wconf 89' lang='lat' dir='ltr'>et</span> <span class='ocrx_word' id='word_1_204' title='bbox 793 2988 910 3053; x_wconf 93' lang='lat' dir='ltr'>domini</span> <span class='ocrx_word' id='word_1_205' title='bbox 940 2987 1078 3052; x_wconf 87' lang='lat' dir='ltr'>officium</span> <span class='ocrx_word' id='word_1_206' title='bbox 1108 3006 1182 3052; x_wconf 90' lang='lat' dir='ltr'>con·</span> 
     </span>
     <span class='ocr_line' id='line_1_25' title="bbox 58 3087 1181 3173; baseline 0.007 -25"><span class='ocrx_word' id='word_1_207' title='bbox 58 3087 144 3154; x_wconf 82' lang='lat' dir='ltr'>iunxit</span> <span class='ocrx_word' id='word_1_208' title='bbox 158 3095 189 3156; x_wconf 89' lang='lat' dir='ltr'>et</span> <span class='ocrx_word' id='word_1_209' title='bbox 202 3091 315 3156; x_wconf 88' lang='lat' dir='ltr'>famuli</span> <span class='ocrx_word' id='word_1_210' title='bbox 331 3091 478 3157; x_wconf 91' lang='lat' dir='ltr'>dicendo:</span> <span class='ocrx_word' id='word_1_211' title='bbox 503 3095 539 3156; x_wconf 91' lang='lat' dir='ltr'>et</span> <span class='ocrx_word' id='word_1_212' title='bbox 560 3091 839 3173; x_wconf 90' lang='lat' dir='ltr'>inquirentibus</span> <span class='ocrx_word' id='word_1_213' title='bbox 863 3111 900 3156; x_wconf 92' lang='lat' dir='ltr'>se</span> <span class='ocrx_word' id='word_1_214' title='bbox 921 3096 1181 3156; x_wconf 89' lang='lat' dir='ltr'>remunerator</span> 
     </span>
     <span class='ocr_line' id='line_1_26' title="bbox 58 3191 1233 3280; baseline 0.009 -29"><span class='ocrx_word' id='word_1_215' title='bbox 58 3191 101 3254; x_wconf 89' lang='lat' dir='ltr'>tit.</span> <span class='ocrx_word' id='word_1_216' title='bbox 129 3194 206 3260; x_wconf 87' lang='lat' dir='ltr'>sicut</span> <span class='ocrx_word' id='word_1_217' title='bbox 229 3197 315 3260; x_wconf 92' lang='lat' dir='ltr'>enim</span> <span class='ocrx_word' id='word_1_218' title='bbox 338 3196 378 3261; x_wconf 88' lang='lat' dir='ltr'>ad</span> <span class='ocrx_word' id='word_1_219' title='bbox 400 3196 494 3260; x_wconf 92' lang='lat' dir='ltr'>deum</span> <span class='ocrx_word' id='word_1_220' title='bbox 514 3196 636 3280; x_wconf 83' lang='lat' dir='ltr'>largitio</span> <span class='ocrx_word' id='word_1_221' title='bbox 652 3197 881 3278; x_wconf 89' lang='lat' dir='ltr'>remunerandi,</span> <span class='ocrx_word' id='word_1_222' title='bbox 906 3197 951 3261; x_wconf 91' lang='lat' dir='ltr'>ita</span> <span class='ocrx_word' id='word_1_223' title='bbox 966 3197 1005 3262; x_wconf 91' lang='lat' dir='ltr'>ad</span> <span class='ocrx_word' id='word_1_224' title='bbox 1021 3197 1180 3261; x_wconf 89' lang='lat' dir='ltr'>hominem</span> <span class='ocrx_word' id='word_1_225' title='bbox 1207 3223 1233 3262; x_wconf 78' lang='lat' dir='ltr'>es</span> 
     </span>
     <span class='ocr_line' id='line_1_27' title="bbox 57 3293 521 3384; baseline 0.015 -27"><span class='ocrx_word' id='word_1_226' title='bbox 57 3293 165 3362; x_wconf 89' lang='lat' dir='ltr'>deuotio</span> <span class='ocrx_word' id='word_1_227' title='bbox 188 3299 317 3384; x_wconf 89' lang='lat' dir='ltr'>respicit</span> <span class='ocrx_word' id='word_1_228' title='bbox 338 3300 521 3382; x_wconf 90' lang='lat' dir='ltr'>inquirendi.</span> 
     </span>
    </p>

    <p class='ocr_par' dir='ltr' id='par_1_6' title="bbox 56 3401 1180 3698">
     <span class='ocr_line' id='line_1_28' title="bbox 91 3401 1180 3489; baseline 0.005 -25"><span class='ocrx_word' id='word_1_229' title='bbox 91 3401 146 3465; x_wconf 86' lang='lat' dir='ltr'>Sed</span> <span class='ocrx_word' id='word_1_230' title='bbox 167 3403 242 3468; x_wconf 90' lang='lat' dir='ltr'>dicis</span> <span class='ocrx_word' id='word_1_231' title='bbox 266 3403 361 3468; x_wconf 90' lang='lat' dir='ltr'>fidem</span> <span class='ocrx_word' id='word_1_232' title='bbox 392 3405 492 3486; x_wconf 90' lang='lat' dir='ltr'>ipsam</span> <span class='ocrx_word' id='word_1_233' title='bbox 523 3423 585 3470; x_wconf 94' lang='lat' dir='ltr'>non</span> <span class='ocrx_word' id='word_1_234' title='bbox 615 3405 760 3470; x_wconf 92' lang='lat' dir='ltr'>omnibns</span> <span class='ocrx_word' id='word_1_235' title='bbox 787 3424 878 3488; x_wconf 88' lang='lat' dir='ltr'>posse</span> <span class='ocrx_word' id='word_1_236' title='bbox 906 3409 1079 3489; x_wconf 86' lang='lat' dir='ltr'>conpetere.</span> <span class='ocrx_word' id='word_1_237' title='bbox 1118 3424 1180 3469; x_wconf 94' lang='lat' dir='ltr'>non</span> 
     </span>
     <span class='ocr_line' id='line_1_29' title="bbox 57 3503 1179 3593; baseline 0.009 -28"><span class='ocrx_word' id='word_1_238' title='bbox 57 3503 157 3569; x_wconf 91' lang='lat' dir='ltr'>mirum</span> <span class='ocrx_word' id='word_1_239' title='bbox 184 3508 211 3571; x_wconf 94' lang='lat' dir='ltr'>si</span> <span class='ocrx_word' id='word_1_240' title='bbox 238 3507 368 3588; x_wconf 92' lang='lat' dir='ltr'>homini,</span> <span class='ocrx_word' id='word_1_241' title='bbox 400 3509 438 3572; x_wconf 90' lang='lat' dir='ltr'>ad</span> <span class='ocrx_word' id='word_1_242' title='bbox 471 3527 562 3591; x_wconf 88' lang='lat' dir='ltr'>quem</span> <span class='ocrx_word' id='word_1_243' title='bbox 592 3509 727 3593; x_wconf 84' lang='lat' dir='ltr'>denegas</span> <span class='ocrx_word' id='word_1_244' title='bbox 757 3529 851 3593; x_wconf 89' lang='lat' dir='ltr'>opera</span> <span class='ocrx_word' id='word_1_245' title='bbox 882 3511 1052 3593; x_wconf 88' lang='lat' dir='ltr'>pertinere,</span> <span class='ocrx_word' id='word_1_246' title='bbox 1084 3510 1179 3575; x_wconf 89' lang='lat' dir='ltr'>etiam</span> 
     </span>
     <span class='ocr_line' id='line_1_30' title="bbox 56 3603 1178 3698; baseline 0.009 -30"><span class='ocrx_word' id='word_1_247' title='bbox 56 3603 137 3674; x_wconf 86' lang='lat' dir='ltr'>fidem</span> <span class='ocrx_word' id='word_1_248' title='bbox 158 3611 284 3676; x_wconf 89' lang='lat' dir='ltr'>studeas</span> <span class='ocrx_word' id='word_1_249' title='bbox 307 3612 466 3696; x_wconf 89' lang='lat' dir='ltr'>derogare,</span> <span class='ocrx_word' id='word_1_250' title='bbox 491 3631 585 3696; x_wconf 90' lang='lat' dir='ltr'>quam</span> <span class='ocrx_word' id='word_1_251' title='bbox 608 3615 810 3678; x_wconf 86' lang='lat' dir='ltr'>manifestum</span> <span class='ocrx_word' id='word_1_252' title='bbox 835 3619 883 3679; x_wconf 91' lang='lat' dir='ltr'>est</span> <span class='ocrx_word' id='word_1_253' title='bbox 902 3615 982 3679; x_wconf 88' lang='lat' dir='ltr'>intur</span> <span class='ocrx_word' id='word_1_254' title='bbox 997 3631 1091 3698; x_wconf 89' lang='lat' dir='ltr'>opera</span> <span class='ocrx_word' id='word_1_255' title='bbox 1106 3633 1178 3679; x_wconf 88' lang='lat' dir='ltr'>con-</span> 
     </span>
    </p>
   </div>
   <div class='ocr_carea' id='block_1_6' title="bbox 147 3808 963 3882">
    <p class='ocr_par' dir='ltr' id='par_1_7' title="bbox 147 3808 963 3882">
     <span class='ocr_line' id='line_1_31' title="bbox 147 3808 963 3882; baseline 0.005 -18"><span class='ocrx_word' id='word_1_256' title='bbox 147 3808 963 3882; x_wconf 64' lang='lat' dir='ltr'>mfflaemmmmmmfflmmo</span> 
     </span>
    </p>
   </div>
   <div class='ocr_carea' id='block_1_7' title="bbox 54 3945 1179 4148">
    <p class='ocr_par' dir='ltr' id='par_1_8' title="bbox 54 3945 1179 4148">
     <span class='ocr_line' id='line_1_32' title="bbox 92 3945 1179 4048; baseline 0.008 -23"><span class='ocrx_word' id='word_1_257' title='bbox 92 3973 217 4026; x_wconf 82' lang='lat' dir='ltr'>lnescirc</span> <span class='ocrx_word' id='word_1_258' title='bbox 237 3973 323 4042; x_wconf 86' lang='lat' dir='ltr'>lugire</span> <span class='ocrx_word' id='word_1_259' title='bbox 343 3976 370 4029; x_wconf 87' lang='lat' dir='ltr'><strong><em>P</em></strong></span> <span class='ocrx_word' id='word_1_260' title='bbox 427 3975 624 4028; x_wconf 86' lang='lat' dir='ltr'>manicheorum</span> <span class='ocrx_word' id='word_1_261' title='bbox 644 3977 671 4030; x_wconf 91' lang='lat' dir='ltr'><em>P</em></span> <span class='ocrx_word' id='word_1_262' title='bbox 727 3945 879 4046; x_wconf 56' lang='lat' dir='ltr'>pastilam-nr</span> <span class='ocrx_word' id='word_1_263' title='bbox 904 3979 931 4032; x_wconf 88' lang='lat' dir='ltr'><strong><em>P</em></strong></span> <span class='ocrx_word' id='word_1_264' title='bbox 994 3980 1128 4048; x_wconf 82' lang='lat' dir='ltr'>linquid</span> <span class='ocrx_word' id='word_1_265' title='bbox 1153 3981 1179 4034; x_wconf 90' lang='lat' dir='ltr'><strong><em>P</em></strong></span> 
     </span>
     <span class='ocr_line' id='line_1_33' title="bbox 54 4057 1177 4148; baseline 0.008 -37"><span class='ocrx_word' id='word_1_266' title='bbox 54 4057 65 4102; x_wconf 72' lang='grc' dir='ltr'>Γ·</span> <span class='ocrx_word' id='word_1_267' title='bbox 81 4061 102 4106; x_wconf 72' lang='lat' dir='ltr'>et</span> <span class='ocrx_word' id='word_1_268' title='bbox 121 4060 209 4114; x_wconf 85' lang='lat' dir='ltr'>cro.P</span> <span class='ocrx_word' id='word_1_269' title='bbox 255 4061 395 4117; x_wconf 76' lang='lat' dir='ltr'>dicimo</span> <span class='ocrx_word' id='word_1_270' title='bbox 442 4062 630 4117; x_wconf 78' lang='lat' dir='ltr'>tdiscribitur</span> <span class='ocrx_word' id='word_1_271' title='bbox 649 4064 675 4118; x_wconf 91' lang='lat' dir='ltr'><strong><em>P</em></strong></span> <span class='ocrx_word' id='word_1_272' title='bbox 721 4063 867 4146; x_wconf 70' lang='lat' dir='ltr'>adisidius</span> <span class='ocrx_word' id='word_1_273' title='bbox 887 4067 929 4148; x_wconf 85' lang='grc' dir='ltr'>ΡΙ</span> <span class='ocrx_word' id='word_1_274' title='bbox 959 4067 1177 4136; x_wconf 81' lang='lat' dir='ltr'>Oirrtellegentia</span> 
     </span>
    </p>
   </div>
   <div class='ocr_carea' id='block_1_8' title="bbox 54 4153 1176 4426">
    <p class='ocr_par' dir='ltr' id='par_1_9' title="bbox 54 4153 1176 4426">
     <span class='ocr_line' id='line_1_34' title="bbox 54 4153 1176 4252; baseline 0.008 -20"><span class='ocrx_word' id='word_1_275' title='bbox 54 4153 1176 4252; x_wconf 55' lang='lat' dir='ltr'>mmmmmmrmmwmfflfflwrm-</span> 
     </span>
     <span class='ocr_line' id='line_1_35' title="bbox 54 4259 1175 4346; baseline 0.018 -36"><span class='ocrx_word' id='word_1_276' title='bbox 54 4259 161 4320; x_wconf 83' lang='lat' dir='ltr'>luntariie</span> <span class='ocrx_word' id='word_1_277' title='bbox 180 4268 208 4322; x_wconf 88' lang='lat' dir='ltr'>P</span> <span class='ocrx_word' id='word_1_278' title='bbox 261 4271 292 4324; x_wconf 84' lang='lat'>21</span> <span class='ocrx_word' id='word_1_279' title='bbox 314 4267 424 4323; x_wconf 86' lang='lat' dir='ltr'>hebreos</span> <span class='ocrx_word' id='word_1_280' title='bbox 444 4271 470 4324; x_wconf 91' lang='lat' dir='ltr'><strong><em>P</em></strong></span> <span class='ocrx_word' id='word_1_281' title='bbox 527 4273 560 4326; x_wconf 77' lang='lat'>23</span> <span class='ocrx_word' id='word_1_282' title='bbox 579 4275 728 4326; x_wconf 84' lang='lat' dir='ltr'>remorator</span> <span class='ocrx_word' id='word_1_283' title='bbox 748 4275 773 4327; x_wconf 90' lang='lat' dir='ltr'>P</span> <span class='ocrx_word' id='word_1_284' title='bbox 828 4277 861 4328; x_wconf 84' lang='lat'>25</span> <span class='ocrx_word' id='word_1_285' title='bbox 880 4273 964 4344; x_wconf 83' lang='lat' dir='ltr'>largio</span> <span class='ocrx_word' id='word_1_286' title='bbox 983 4277 1010 4329; x_wconf 89' lang='lat' dir='ltr'>P</span> <span class='ocrx_word' id='word_1_287' title='bbox 1065 4279 1097 4330; x_wconf 82' lang='lat'>27</span> <span class='ocrx_word' id='word_1_288' title='bbox 1117 4293 1175 4346; x_wconf 86' lang='lat' dir='ltr'>pos-</span> 
     </span>
     <span class='ocr_line' id='line_1_36' title="bbox 54 4353 400 4426; baseline 0.029 -24"><span class='ocrx_word' id='word_1_289' title='bbox 54 4363 98 4402; x_wconf 72' lang='lat' dir='ltr'>tem</span> <span class='ocrx_word' id='word_1_290' title='bbox 116 4353 142 4406; x_wconf 87' lang='lat' dir='ltr'>P</span> <span class='ocrx_word' id='word_1_291' title='bbox 191 4357 224 4410; x_wconf 81' lang='lat'>29</span> <span class='ocrx_word' id='word_1_292' title='bbox 243 4355 400 4426; x_wconf 75' lang='lat' dir='ltr'>deputatio</span> 
     </span>
    </p>
   </div>
   <div class='ocr_carea' id='block_1_9' title="bbox 0 0 1464 4930">
    <p class='ocr_par' dir='ltr' id='par_1_10' title="bbox 0 0 1464 4930">
     <span class='ocr_line' id='line_1_37' title="bbox 0 0 1464 4930; baseline 0 5"><span class='ocrx_word' id='word_1_293' title='bbox 0 0 1464 4930; x_wconf 95' lang='lat' dir='ltr'> </span> 
     </span>
    </p>
   </div>
  </div>
 </body>
</html>
