2944 4936
413 424 639 494 Epistularum
657 423 712 478 lib.
725 423 754 478 Π
773 426 884 480 34-36.
1151 423 1214 488 421

72 597 243 679 caballum,
274 599 399 681 qualern
430 597 519 662 uobis
550 597 687 662 sciebam
720 616 789 661 esse
816 599 1039 679 necessarium,
1070 617 1216 663 mansue-

71 703 181 767 tudine
196 701 366 786 plaoidum,
390 701 539 766 membris
555 701 706 782 ualidum,
729 700 855 765 firmum
870 701 990 783 robore,
1010 703 1112 766 forma
1125 721 1215 785 prae·

72 811 221 887 stantem,
244 807 365 871 iactura
387 806 593 888 conpositum,
625 806 737 872 animis
761 809 982 889 temperatum,
1013 806 1132 870 scilicet
1158 825 1215 871 nec

72 910 219 974 tarditate
250 910 375 994 pigrum
407 927 464 974 uec
493 909 658 974 uelocitate
688 928 940 995 praeproperum,
971 909 1020 973 cui
1050 909 1156 974 ironus
1184 913 1215 974 et

70 1014 221 1078 stimulus
252 1015 293 1078 sit
322 1013 460 1078 sedentis
491 1013 667 1096 arbitrium,
698 1016 748 1079 cui
777 1014 816 1078 ad
847 1012 1045 1078 euadendum
1075 1031 1152 1078 onus
1184 1017 1215 1078 et
1253 1042 1266 1079 ι

69 1118 152 1182 uelle
185 1121 331 1202 suppetat
359 1117 475 1200 pariter
506 1120 537 1181 et
566 1135 667 1201 posse,
699 1119 744 1182 ita
770 1121 806 1182 ut
828 1135 885 1182 uec
908 1117 998 1182 cedet
1019 1118 1214 1202 superposito

69 1241 129 1286 noc
152 1222 288 1305 deponat
310 1221 490 1305 inpositum.
530 1225 682 1306 superest,
706 1227 742 1286 ut
764 1221 923 1304 rescripto,
947 1221 1100 1304 quomodo
1123 1221 1213 1286 uobis

68 1327 204 1410 placcat,
227 1325 381 1407 indicetis,
405 1325 580 1408 quamlibet
602 1326 646 1390 ita
669 1327 707 1391 de
730 1325 888 1390 indiuiduo
911 1325 988 1389 mihi
1011 1325 1102 1390 corde
1124 1344 1213 1408 prae-

67 1447 207 1510 sumam,
239 1429 320 1512 quod
351 1427 440 1494 uobis
472 1429 565 1493 etiarn
596 1430 680 1494 mala
703 1449 721 1494 a
743 1449 794 1494 me
816 1429 994 1510 commissa,
1026 1447 1088 1494 non
1111 1429 1212 1493 dicum

67 1535 258 1598 transmissa
279 1533 490 1617 conplaoeant.
529 1536 619 1598 tauta
642 1537 689 1598 est
711 1534 795 1599 euim
818 1533 933 1617 integri
955 1532 1003 1596 uis
1026 1532 1152 1614 amoris,
1178 1537 1214 1597 ut
1241 1565 1265 1602 ιο

66 1639 99 1702 in
124 1638 263 1702 amicum
286 1637 330 1701 nil
353 1637 528 1719 displiceat,
551 1655 623 1701 eum
646 1637 747 1722 magis
770 1637 891 1701 malum
914 1636 1076 1720 displicere
1099 1636 1213 1701 debeat

66 1743 105 1806 de
130 1742 241 1805 amico.
278 1744 311 1806 et
332 1740 406 1804 hino
428 1740 504 1804 illud
529 1744 586 1822 est,
610 1742 692 1824 quod
715 1741 830 1806 iudicia
852 1740 1014 1804 homiuum
1037 1743 1091 1803 aut
1106 1757 1211 1804 amore

64 1846 312 1930 praepediuntur
335 1848 389 1910 aut
411 1845 490 1926 odio,
513 1848 549 1910 uo
570 1848 655 1910 recta
674 1864 737 1910 non
752 1845 920 1930 proferunt.
955 1861 1010 1908 uos
1027 1862 1109 1924 uero,
1133 1862 1210 1926 quos

65 1969 125 2015 nec
156 1949 263 2014 odium
294 1953 456 2032 exasperet
485 1967 542 2014 nec
571 1949 748 2014 inflammet
771 1949 899 2030 inuidia,
930 1951 962 2012 ct
982 1948 1065 2013 iocos
1088 1951 1209 2012 nostros

64 2055 201 2118 libenter
232 2054 361 2137 accipite
392 2057 422 2118 et
452 2053 490 2118 de
521 2054 672 2136 sospitate
699 2057 806 2118 uestra
828 2053 878 2116 uei
902 2052 1022 2116 actibus
1046 2050 1210 2115 affluenter
1238 2085 1262 2121 n

64 2158 224 2238 instruite,
256 2161 300 2239 ut,
331 2157 406 2222 dum
436 2174 492 2221 uos
524 2157 640 2222 diutius
670 2158 815 2242 legimus,
846 2155 1001 2241 copiosius
1030 2154 1207 2221 inbucmur.

62 2281 119 2326 ora
142 2279 199 2346 pro
223 2280 282 2325 mc.

567 2417 710 2482 XXXVI.

61 2579 186 2622 DOMINO
202 2577 322 2620 SANOTO
339 2580 379 2620 au
400 2577 592 2620 nPosrouluo
616 2579 750 2625 uolumus}
778 2578 810 2618 m
833 2578 966 2620 onmsro
989 2577 1110 2619 Dorulato
1135 2577 1207 2619 SPE·

61 2666 215 2708 ornamus
245 2665 431 2707 BXGOLENDO
461 2665 576 2705 aarum
608 2665 761 2706 causeam
789 2665 939 2707 Episcopo
966 2665 1112 2707 uumerus
1140 2666 1207 2706 ΕΡΙ·
1234 2673 1260 2710 20

578 2751 701 2793 SOOPUS.

106 2887 170 2969 Qui
201 2887 377 2951 occasiones
407 2884 562 2950 scribendi
592 2885 681 2950 nobis
711 2886 846 2950 inuicem
868 2903 924 2969 pro
947 2889 1057 2950 mutue
1079 2887 1206 2950 caritate

58 2991 262 3074 inquirimus,
293 2990 414 3054 oblatus
444 2990 695 3074 praetermittere
725 3008 788 3055 non
818 2990 978 3070 debemus,
1008 2993 1045 3053 ut
1067 2991 1206 3054 conferat

59 3097 156 3160 nobis
191 3095 347 3178 quandam
380 3096 576 3179 praesentiae
609 3095 784 3179 portionem
817 3113 919 3159 sermo
951 3094 1117 3174 mediator,
1152 3094 1205 3176 qui

58 3200 221 3265 omittitur
241 3219 298 3264 nco
321 3199 483 3282 omittitur,
511 3199 659 3264 tribuitur
682 3203 713 3263 et
734 3198 878 3280 habetur,
902 3199 1025 3263 uidetur
1048 3198 1205 3262 discedere
1232 3227 1257 3266 ss

58 3325 119 3370 nec
143 3303 271 3386 recedit,
302 3323 394 3368 ame
417 3304 571 3388 dirigitur,
596 3322 614 3368 a
637 3306 668 3368 te
692 3303 870 3386 suscipitur,
894 3321 912 3367 a
934 3321 985 3366 me
1008 3301 1164 3384 scribitur,
1187 3322 1205 3367 a

57 3415 90 3474 te
112 3408 232 3492 legitur
254 3427 311 3472 nco
330 3411 437 3472 tamen
453 3407 611 3489 diuiditur,
635 3427 706 3472 cum
723 3409 812 3490 quasi
827 3407 946 3471 diuisus
962 3407 1083 3491 integer
1098 3409 1204 3471 tumen

57 3514 227 3594 utriusque
258 3512 348 3576 corde
380 3515 531 3592 teneatur,
562 3512 635 3595 quia
664 3511 752 3576 uerbi
783 3529 868 3576 moro
899 3511 995 3575 diuini
1017 3511 1151 3576 traditur
1174 3517 1205 3576 et

57 3637 123 3682 non
150 3616 319 3700 egreditur,
343 3617 499 3681 confertur
522 3617 674 3700 indigenti
697 3619 729 3680 et
750 3633 813 3681 uon
836 3615 976 3680 aufertur
998 3616 1127 3697 auctori,
1155 3635 1205 3680 uo-

100 3839 272 3912 2plaoitum
292 3845 315 3898 S
367 3841 487 3897 firmaS
537 3841 611 3911 det]
630 3857 694 3897 aco
747 3839 998 3897 5hauehendumS
1049 3839 1206 3896 tcaedutS

56 3933 129 3988 iut
154 3947 179 3997 o,
203 3929 273 3985 &S
341 3929 567 3996 spraesumus
637 3930 667 3983 li
692 3927 777 3981 amico
799 3928 893 3996 oKr,
916 3926 1033 3980 amicum
1055 3928 1153 3982 omisso
1176 3927 1203 3980 io

55 4021 248 4074 ,iiommscnue
303 4018 334 4071 12
353 4013 577 4072 deumicoom.o
629 4014 761 4071 iuditisS
814 4016 846 4070 13
858 4013 1091 4084 praepedienturo
1143 4029 1203 4082 prc-

54 4107 152 4160 icrant
179 4103 371 4170 Mommscnus,
390 4101 539 4172 pierebout
562 4105 591 4172 S,
618 4101 825 4172 proiemnturo
896 4103 927 4156 14
950 4101 1021 4155 iocos
1043 4119 1066 4170 c,
1088 4101 1158 4154 locos
1182 4103 1205 4157 S

57 4199 89 4249 lo
103 4189 243 4260 cupiosius
257 4191 293 4247 S¹
348 4193 380 4245 19
393 4188 523 4245 domnoc
576 4189 671 4245 mihio
723 4191 757 4244 22
771 4189 859 4257 qui-
866 4207 896 4259 p.
910 4192 997 4256 1222
1014 4187 1202 4257 possessorem]

52 4283 90 4349 cs.
105 4295 151 4350 ep.
166 4277 234 4332 115
287 4275 473 4332 occe-sionisS
523 4278 557 4332 24
575 4275 727 4344 porcionem
746 4277 769 4332 S
821 4275 951 4328 mediator
972 4293 996 4344 o,
1019 4273 1205 4330 meditatorS

53 4371 89 4422 25
111 4361 270 4418 discendere
290 4363 314 4420 S
364 4365 397 4418 21
416 4362 520 4431 integer
537 4381 562 4433 o,
580 4362 678 4432 integri
698 4363 721 4419 S
