2924 4924
235 403 298 470 284
636 407 701 462 1111.
721 407 831 461 sermo
851 410 958 463 15-1o.

234 601 296 646 non
317 583 441 647 deesset
463 587 494 647 et
515 581 694 647 beniuolum
719 587 751 648 et
773 583 1003 648 misericordem
1027 584 1122 648 etiam
1144 584 1249 668 inopia
1271 585 1370 648 aliena

234 686 348 750 ditaret
371 691 401 750 et
424 688 598 770 opulentior
621 689 752 770 quisque
779 689 919 772 ingentia
942 689 978 752 de
1001 691 1113 772 egente
1135 690 1222 753 lucra
1244 690 1368 770 conqui-

233 794 315 855 reret
342 795 374 855 et
401 791 530 856 mirilico
557 811 741 874 summoque
764 793 960 872 commercio,
988 793 1063 856 dum
1090 793 1173 876 inopi
1197 793 1368 857 misericor-

234 896 318 959 diam
342 897 529 980 temporaria
551 897 697 980 largitate
717 897 880 977 conferret,
904 897 949 960 sio
965 895 1024 960 sibi
1044 901 1186 962 aeternos
1209 898 1366 962 thesauros

194 1027 206 1066 a
234 1003 424 1082 conpararet.
472 1001 641 1084 dirigamus
669 1003 757 1066 actus
788 1005 921 1082 nostros,
951 1003 996 1082 ut,
1028 1002 1174 1084 quidquid
1204 1003 1366 1084 possimus,

234 1105 381 1187 quidquid
397 1105 568 1186 ualeamus,
588 1125 644 1189 pro
665 1123 769 1170 amore
790 1107 872 1170 uitae
888 1109 1033 1170 aeternae
1048 1106 1081 1170 in
1105 1106 1252 1170 exercitia
1273 1105 1366 1170 bonae

233 1210 419 1290 uoluntatis,
453 1210 486 1274 iu
520 1210 625 1274 studia
657 1211 792 1274 iustitiae
831 1228 867 1275 ac
900 1211 1129 1276 misericordiae
1164 1211 1364 1274 conferamus.

233 1331 406 1393 curramus,
430 1313 504 1377 dum
527 1315 631 1378 lucem
653 1314 816 1394 habemus,
844 1315 1026 1397 priusquam
1050 1333 1105 1378 nos
1129 1313 1276 1378 tenebrae
1300 1332 1366 1377 con-

232 1417 438 1500 prehendant,
462 1419 536 1499 quia
562 1419 625 1482 iam
652 1419 683 1482 in
711 1419 833 1482 saeculo
861 1419 914 1484 illo
938 1419 1148 1483 emendationi
1171 1437 1208 1482 ae
1229 1419 1365 1500 redemp

182 1551 206 1589 ιο
233 1523 309 1586 tioni
324 1523 499 1605 prospicere
515 1538 577 1586 non
593 1521 709 1604 licebit,
734 1524 813 1586 sicut
829 1523 903 1587 dicit
919 1542 1021 1587 sermo
1037 1523 1175 1587 diuinus:
1199 1523 1364 1606 quoniam

233 1645 301 1691 non
334 1631 390 1690 est
420 1627 456 1690 in
488 1629 617 1708 morte,
649 1628 710 1710 qui
741 1646 880 1691 memor
911 1629 959 1691 sit
989 1628 1053 1691 tui.
1098 1628 1179 1692 sieut
1208 1646 1281 1711 ergo
1308 1628 1364 1690 iam

232 1729 275 1793 ibi
298 1733 384 1795 nulla
407 1731 567 1796 timebitur
590 1732 773 1795 meritorum
796 1731 932 1812 amissio,
955 1731 1000 1796 ita
1019 1732 1104 1796 nulla
1125 1731 1278 1796 tribuetur
1299 1749 1365 1814 pec-

232 1839 372 1899 eat-orum
398 1836 550 1916 remissio,
582 1837 668 1900 nulla
690 1835 732 1899 iti
759 1837 821 1900 iam
844 1837 1004 1900 exercendi
1027 1836 1101 1901 boni
1123 1838 1224 1920 operis
1246 1837 1365 1900 lieentia

232 1940 425 2004 concedetur.

181 2073 205 2112 15
275 2046 362 2109 Haec
385 2064 467 2128 ergo,
491 2046 614 2126 iratreS,
643 2047 799 2128 sapienter
822 2063 857 2108 ac
885 2045 1015 2110 feliciter
1037 2047 1210 2129 cogitantes
1234 2045 1271 2109 ad
1298 2062 1364 2127 pao

232 2151 379 2214 nitentiae
410 2151 547 2214 remedia
577 2151 743 2234 confugere
774 2150 958 2214 festinemus
989 2155 1020 2214 et
1049 2170 1105 2233 per
1134 2151 1309 2214 castitatem
1337 2151 1365 2212 et

231 2255 450 2334 humilitatem,
474 2274 529 2338 per
552 2273 645 2338 opera
666 2255 802 2318 iustitiae
825 2259 857 2318 et
879 2255 1108 2318 misericordiae
1131 2259 1259 2318 aeterua
1282 2253 1363 2317 notis

233 2358 315 2440 apud
352 2359 444 2422 deum
479 2360 619 2441 praemia
656 2377 861 2442 conparemus
895 2363 1073 2443 praestante
1107 2359 1232 2423 domino
1267 2364 1365 2421 nostro

233 2463 304 2526 lesu
329 2462 464 2544 Christo,
493 2465 542 2528 oui
564 2464 662 2528 honor
684 2461 761 2548 test>
784 2467 815 2528 et
841 2464 1007 2548 imperium
1030 2464 1063 2528 in
1087 2464 1211 2528 saecula
1235 2462 1365 2528 saeculo

180 2593 206 2633 ao
232 2587 310 2631 rum.
343 2567 456 2632 Amen.

760 2724 844 2788 XVI.

483 2869 526 2910 DE
549 2869 700 2910 Dommlco
724 2869 820 2910 lmlrlo
845 2866 1121 2916 Qusnuacnsrmnn.

275 2985 431 3050 Dominus
460 2991 491 3050 et
518 2987 655 3050 salrator
682 2991 802 3065 noster,
831 2986 964 3067 qualiter
993 2985 1030 3048 ad
1059 3003 1129 3048 eum
1158 2989 1229 3067 post
1254 2983 1365 3046 multas
1444 3003 1445 3006 ¹

233 3091 446 3174 neglegentias
477 3091 583 3154 uenire
611 3091 791 3170 debeamus
823 3108 879 3153 nos
911 3090 1052 3153 hortatur
1081 3093 1112 3152 et
1142 3088 1285 3152 admonet
1313 3105 1364 3167 per
1444 3155 1445 3168 p

180 3219 206 3258 es
233 3195 417 3277 prophetam
442 3195 560 3258 dicens:
599 3197 741 3274 uenite,
770 3194 964 3258 adoremus
995 3196 1031 3256 et
1057 3193 1290 3276 procidamus
1313 3207 1365 3252 eo-

232 3318 309 3362 ram
333 3299 492 3378 domino,
521 3299 581 3380 qui
609 3299 700 3362 fecit
722 3317 801 3378 nos,
831 3298 1011 3362 etiterum:
1040 3296 1301 3361 conuertimini
1324 3293 1364 3358 ad

233 3423 286 3466 rue
310 3422 350 3466 er
374 3407 450 3466 toto
474 3403 582 3467 eorde
606 3406 748 3483 uestro,
771 3402 807 3466 in
832 3403 986 3482 ieiunio,
1014 3402 1109 3466 tlctu
1132 3403 1363 3484 planctuque.
1444 3483 1445 3488 ἵ

336 3539 599 3608 apcrroannmas.
647 3539 860 3608 romesinas.
906 3539 1138 3609 aspesarmeaa
1178 3536 1364 3608 serratam

277 3666 336 3717 let
355 3661 564 3730 misericordem]
583 3661 743 3728 locupletem
762 3663 833 3732 Aug.
911 3661 1051 3716 2didaret
1070 3661 1099 3714 D
1171 3659 1366 3728 ltenrporarirr
1444 3649 1445 3664 ¹

232 3753 311 3819 Arm,
332 3747 487 3816 temporalia
505 3766 538 3802 es
556 3748 739 3816 temporaliter
757 3749 786 3802 D
844 3748 976 3801 conferret
993 3749 1100 3816 scripsi,
1119 3747 1236 3800 conferet
1253 3747 1287 3812 D,
1305 3761 1365 3797 eon-

233 3837 317 3890 fertur
334 3835 539 3903 (misericordia)
557 3837 629 3905 Aug.
693 3839 799 3890 5actos
819 3837 847 3889 D
908 3835 1094 3890 'luoluntates
1113 3835 1142 3889 D
1204 3834 1366 3888 conteramus

232 3927 312 3993 Arm,
331 3921 519 3975 contirummns
538 3923 567 3976 D
641 3924 671 3976 12
690 3923 783 3975 arrrisio
802 3923 831 3976 D
902 3921 1035 3976 tribuetur
1057 3925 1164 3991 scripsi,
1188 3919 1311 3974 tribuitur
1329 3919 1366 3986 D,

232 4009 393 4064 retribuetur
416 4011 486 4078 drap.
561 4012 592 4063 13
616 4010 721 4062 remisio
744 4011 773 4063 D
845 4012 876 4065 14
895 4009 1054 4062 correedctur
1073 4012 1153 4078 Aug„
1176 4006 1321 4061 conciditur
1339 4005 1367 4058 D
1444 4057 1445 4060 ,

234 4101 264 4153 15
284 4113 351 4166 puna
369 4103 516 4164 separantur
535 4097 630 4150 desunt
648 4098 724 4165 ‹rprud
742 4099 813 4166 Arm.
870 4101 901 4152 re
920 4100 959 4149 cst
977 4097 1084 4157 addidi,
1103 4115 1153 4151 om.
1173 4097 1203 4149 D
1255 4093 1286 4148 22
1305 4092 1367 4160 irrep

232 4184 328 4238 omelia
346 4181 384 4237 sm
403 4183 511 4235 faustini
531 4182 563 4236 de
582 4183 714 4236 dominico
734 4183 810 4236 initio
829 4183 1049 4250 quadragensimo
1062 4184 1104 4248 D,·
1121 4189 1207 4237 ecstrrt
1224 4183 1266 4236 laic
1281 4195 1367 4234 sermo

232 4279 255 4325 et
273 4273 341 4325 relidi
359 4277 383 4325 et
402 4272 471 4324 irater
488 4288 620 4325 sermones
640 4271 789 4340 Augustini
808 4271 904 4326 dubios
923 4274 971 4324 141
991 4271 1127 4338 (macac
1143 4271 1196 4336 M.)
1247 4269 1278 4323 24
1295 4269 1367 4318 orta-

233 4363 277 4409 tur
295 4360 324 4411 D
377 4361 513 4410 ommonet
531 4359 561 4412 D
614 4359 646 4413 25
665 4356 839 4426 procedamus
857 4357 886 4411 D
939 4359 971 4411 27
990 4356 1152 4426 plantueque
1170 4357 1200 4411 D
