2924 4924
517 423 582 477 IIII.
602 423 710 477 Sermo
728 426 839 480 21-22.
1185 425 1247 491 309

104 598 214 662 nobis
238 597 364 662 debita
387 603 530 679 nostra,
554 599 653 664 sicut
675 603 711 664 et
733 617 799 664 nos
822 599 1048 664 dimittimus
1072 601 1248 666 debitori-

103 703 173 766 bus
198 703 350 766 nostris.

147 807 263 870 Adhuc
286 806 375 871 nobis
399 806 575 872 delectabat
598 825 669 871 cum
693 808 823 872 caritate
845 812 953 872 nostra
973 809 1010 872 de
1026 808 1118 874 beato
1134 809 1247 894 Ioseph

104 911 223 992 aliquid
245 911 341 992 loqui,
365 912 419 976 sad
435 914 561 995 propter·
576 929 740 995 pauperos,
765 912 818 994 qui
835 912 874 976 ad
890 931 985 996 opera
1007 931 1065 977 sua
1087 912 1247 995 festinant,

104 1015 221 1079 melius
245 1017 302 1094 est,
325 1018 361 1080 ut
382 1015 472 1080 nobis
495 1015 526 1080 in
551 1015 600 1080 die
623 1016 760 1081 crastina
782 1035 988 1081 reseruemus.
1028 1020 1060 1082 et
1081 1018 1151 1082 ideo
1175 1035 1248 1082 con·
1287 1046 1300 1083 ⁵

103 1120 189 1184 uersi
218 1119 258 1183 ad
289 1119 451 1184 dominum
474 1120 721 1184 miscricordiam
742 1120 842 1205 ,ipsius
866 1121 1078 1205 deprecemur,
1109 1125 1144 1186 ut
1167 1122 1249 1186 desi·

103 1224 227 1288 derium
251 1223 397 1288 audiendi
419 1223 552 1288 uerbum
576 1225 636 1306 dei,
664 1226 747 1307 quod
768 1225 802 1290 in
825 1225 916 1290 nobis
938 1227 1081 1308 placatus
1105 1227 1247 1308 contulit,

103 1332 137 1392 et
167 1345 282 1410 angere
313 1347 437 1411 semper
466 1331 499 1394 et
520 1347 706 1394 conseruare
729 1329 883 1414 dignetur,
915 1329 968 1412 qui
999 1347 1071 1394 cnm
1101 1333 1189 1414 patre
1217 1333 1249 1395 et

102 1433 218 1515 spiritu
241 1435 350 1497 sancto
372 1431 465 1516 (uiuit
488 1437 519 1498 ot
541 1433 668 1519 regnat>
689 1434 721 1498 in
742 1435 867 1498 saecula
887 1435 1091 1523 saeculorum.
1130 1434 1244 1500 Amen.

601 1697 603 1701 ’
625 1661 726 1727 XXII·
1273 1704 1299 1744 ro

481 1823 523 1863 DE
546 1821 665 1864 sudoro
688 1821 803 1864 losum
826 1823 871 1865 lll.

146 1959 196 2022 De
228 1956 319 2022 beato
350 1958 477 2040 Ioseph,
509 1958 590 2039 quod
622 1957 659 2020 de
689 1975 832 2022 sermone
863 1957 1002 2021 hesterni
1032 1957 1093 2022 diei
1124 1959 1246 2024 caritati

100 2066 229 2127 uestrae
253 2063 493 2142 reseruauimus,
524 2081 607 2126 nunc
630 2061 802 2126 secundum
825 2065 964 2126 nestram
987 2063 1245 2127 consuetudinem

99 2167 221 2232 intenti
243 2185 316 2230 cum
339 2167 462 2231 silentio
485 2170 517 2230 et
537 2166 640 2249 quiete
661 2166 820 2248 suscipite.
859 2166 969 2230 beatus
986 2165 1109 2249 Ioseph,
1133 2167 1245 2232 iratres

100 2271 312 2351 dilectissimi,
343 2274 380 2334 ut
408 2290 541 2354 regnum
563 2271 700 2354 Aegypti
731 2269 908 2334 admirabili
937 2271 1090 2354 sapientia
1112 2275 1245 2355 regeret,
1273 2294 1298 2334 ιε

99 2377 191 2460 prius
214 2376 281 2458 ipse
304 2395 338 2440 so
361 2376 449 2440 rexit.
487 2393 559 2440 cum
583 2379 668 2440 asset
690 2376 819 2440 decorus
843 2379 874 2439 ct
897 2376 1054 2458 speciosus
1075 2375 1154 2439 facie
1177 2377 1247 2459 pul·

99 2479 313 2545 chritudinem
337 2481 444 2544 uultus
468 2480 515 2546 sui
538 2498 601 2544 non
621 2479 659 2543 ad
681 2480 816 2544 alienam
837 2479 991 2543 deriuauit
1010 2479 1167 2561 iniuriam,
1191 2481 1245 2544 scd

98 2585 140 2650 ad
165 2601 259 2648 suom
281 2583 416 2668 gratiam
439 2584 639 2648 conseruauit
660 2585 719 2648 hoc
742 2603 775 2648 se
798 2584 1008 2667 pulchriorem
1035 2583 1187 2664 iudicans,
1220 2585 1246 2648 si

97 2707 164 2754 non
182 2687 345 2772 dispendio
367 2689 531 2769 castitatis
555 2689 610 2752 sed
625 2689 711 2753 cultu
726 2688 851 2772 pudoris
868 2688 1035 2772 speciosior
1051 2688 1244 2770 probaretur,

98 2799 132 2858 et
156 2793 249 2856 illum
272 2811 339 2856 esse
363 2811 473 2857 uerum
496 2793 650 2873 decorem,
681 2794 820 2875 quinon
844 2793 960 2856 alienos
991 2792 1096 2856 oculos
1120 2796 1245 2874 caperet

97 2917 160 2963 nec
192 2899 315 2961 mentes
346 2897 473 2981 fragiles
503 2898 691 2962 uolneraret.
730 2898 847 2961 crimen
878 2897 960 2960 enim
992 2897 1136 2961 dominae
1167 2915 1242 2960 suae
1270 2919 1296 2958 eo

96 3003 173 3082 fuit,
204 3018 285 3083 quac
309 3002 390 3065 male
414 3001 502 3082 uidit,
532 3019 595 3066 non
617 3001 702 3066 beati
725 3001 849 3084 Ioseph,
880 3001 933 3082 qui
960 3001 1043 3064 male
1066 3000 1165 3064 uideri
1190 3019 1245 3064 no-

96 3107 174 3171 luit.
214 3123 272 3168 nec
295 3105 327 3169 in
351 3123 397 3186 eo,
421 3105 502 3187 quod
524 3107 610 3170 uisus
635 3109 692 3187 cst,
715 3106 808 3188 culpa
831 3109 888 3169 cst.
928 3122 989 3168 non
1013 3108 1080 3168 erat
1102 3104 1133 3168 in
1157 3107 1245 3186 pote-

95 3213 186 3275 state
222 3209 337 3290 seruili,
372 3213 408 3273 ut
441 3227 502 3274 non
537 3210 695 3275 uideretur
729 3230 747 3274 a
782 3210 916 3289 domina,
951 3209 1083 3273 maritus
1118 3209 1246 3273 deberet

95 3331 215 3380 cauere
249 3313 354 3378 oculos
389 3313 500 3378 uxoris.
540 3313 663 3378 discant
694 3317 800 3377 tamen
837 3317 867 3376 et
901 3312 960 3376 uiri
994 3329 1104 3376 cauere
1139 3313 1244 3377 oculos

94 3417 308 3484 seminarum:
332 3417 497 3482 adamatur
521 3421 552 3481 ct
576 3419 628 3500 qui
651 3418 750 3482 noluit
773 3417 880 3481 amari.
920 3416 1051 3499 denique
1080 3417 1243 3481 adamatus
1270 3442 1296 3481 rc

145 3679 351 3737 ldemittimus
369 3679 400 3732 D
460 3679 626 3748 3nosAup.
689 3675 875 3731 dilectabotD
936 3675 1078 3744 lqnidD
1139 3673 1245 3731 hdiem

93 3765 250 3823 crastinam
267 3767 339 3835 Aug.
409 3763 514 3820 9uiuit
531 3767 559 3820 et
576 3767 672 3834 regnat
688 3781 739 3820 om.
758 3764 788 3819 D
860 3765 891 3820 ll
911 3762 976 3818 item
995 3762 1075 3816 tertio
1093 3761 1126 3816 dc
1144 3759 1188 3839 sco
1207 3761 1245 3816 io-

92 3853 166 3926 seph
181 3853 212 3908 D
259 3853 292 3908 13
304 3851 499 3906 rosaruauimus
511 3853 619 3922 scripsi,
633 3851 842 3905 seruauimusD
888 3853 919 3906 15
932 3849 1073 3920 aegiptiD
1118 3851 1151 3905 16
1162 3849 1246 3904 uerbo

92 3957 162 3996 cum
183 3941 431 4009 essct-p.310,14
450 3937 631 4008 adprehensus
654 3935 761 4006 aufugit
778 3943 885 3994 ecstoct
903 3939 934 3992 iu
955 3953 1075 3992 sermone
1092 3935 1244 4005 Augustini

92 4029 185 4084 cubio
204 4027 426 4094 14,2(39,1767
438 4026 492 4093 Μ.)
555 4027 586 4081 17
606 4024 734 4079 diriuauit
752 4024 782 4079 D
846 4025 878 4080 18
896 4023 1042 4093 speciosion
1062 4023 1091 4078 D
1149 4023 1180 4077 19
1199 4021 1244 4090 qni

90 4119 184 4186 Aug,
203 4128 278 4166 oram
296 4113 325 4167 D
386 4113 421 4168 20
440 4110 559 4181 fragilles
577 4113 607 4167 D
668 4127 774 4166 cromen
792 4112 821 4166 D
885 4111 917 4166 m
938 4109 983 4179 qui
1002 4109 1032 4164 D
1096 4107 1196 4177 quimol
1214 4109 1244 4164 D

89 4205 128 4260 22
160 4198 248 4269 quod]
276 4200 320 4268 qui
349 4200 418 4270 Aug.
492 4199 570 4269 culpo
597 4200 649 4270 cst]
677 4199 739 4268 quia
765 4198 829 4253 cdd.
847 4199 920 4268 Aug.
990 4198 1025 4251 23
1052 4193 1145 4249 debuit
1172 4197 1243 4266 Aug.

89 4293 127 4348 24
156 4285 237 4340 oculo
260 4287 289 4344 D
358 4289 423 4340 tunc
445 4288 517 4357 Aug.
589 4288 622 4342 25
646 4285 787 4342 adamatur
809 4285 917 4358 scripsi,
940 4283 1100 4340 adamantur
1123 4283 1159 4352 D,
1183 4297 1243 4338 cum

90 4377 229 4433 amantur
246 4375 317 4446 Acp.
372 4371 468 4429 uolunt
484 4375 556 4446 Aop.
