2920 4930
85 1053 336 1136 FRAGMENTA
370 1061 429 1134 dl)
464 1059 660 1137 LAOUNAS
694 1059 920 1136 LIBRORUM
956 1061 1011 1136 DE
1045 1061 1204 1136 Gltl'lll

449 1257 452 1270 .
477 1199 793 1275 PERTINENTIA.

558 1405 712 1413 ⁸——

621 1574 647 1657 I.

118 1745 165 1812 Ec
177 1750 309 1836 prioris
333 1749 415 1812 libri
438 1750 476 1813 de
498 1749 609 1837 prelia
631 1750 738 1836 capite
753 1748 860 1813 XIIII
869 1748 929 1812 sub
937 1749 1036 1833 ficem
1053 1749 1204 1814 lacunose

83 1851 172 1916 uerba
192 1854 362 1940 desumpta
380 1865 467 1932 suut,
490 1877 571 1940 quae
587 1853 722 1918 Ioannes
739 1854 928 1918 Macetum
948 1855 984 1917 ire
1008 1853 1127 1932 libelle,
1151 1855 1205 1918 cui

83 1953 265 2023 inscribitur
292 1958 347 2022 ‘ad
369 1957 544 2046 epistulam
567 1957 764 2022 Hormisdue
787 1959 961 2045 respcrtsio'
987 1957 1122 2046 (Mipne,
1142 1958 1205 2022 Pa-

83 2059 208 2148 trclepia
234 2061 361 2127 Graeca
385 2062 559 2126 LXXXVI
575 2065 605 2142 1,
621 2085 655 2148 p.
678 2063 770 2148 109),
799 2061 895 2148 affert
923 2061 981 2150 (cf.
1002 2085 1084 2148 quae
1111 2085 1206 2148 erepe-

80 2163 194 2230 suimus
221 2167 258 2230 iri
288 2165 373 2230 libro
401 2165 552 2232 'Studien
578 2165 658 2230 leber
685 2166 738 2230 die
767 2163 934 2252 Schriften
962 2165 1015 2230 des
1039 2165 1207 2253 Biscltefes

83 2287 133 2330 ron
154 2271 230 2336 Reii
255 2271 410 2336 Faustus*
431 2295 466 2358 p.
483 2273 525 2336 22
539 2273 618 2358 sp).-

118 2373 242 2442 ‘Rursus
273 2377 305 2442 iu
336 2379 436 2461 eapite
465 2377 603 2442 eiusdem
634 2377 705 2441 libri
731 2377 789 2442 XV
817 2395 912 2462 agens
944 2373 1030 2460 (scil.
1054 2375 1204 2460 Faustus)

82 2485 179 2545 contre
200 2501 264 2562 eos,
288 2483 342 2566 qui
365 2501 426 2547 non
449 2484 604 2566 generale,
629 2483 683 2546 scd
699 2482 831 2565 speciale
849 2485 993 2546 asserunt
1007 2481 1122 2546 donum
1139 2500 1206 2544 esse

81 2583 271 2666 credulitatis
295 2587 442 2652 ite.inter
465 2591 568 2652 cetere
590 2587 742 2668 loquitur:
774 2585 837 2650 sed
860 2586 967 2665 dicis,
990 2585 1100 2668 iuquit,
1124 2586 1207 2667 quia

82 2702 144 2751 ucu
162 2691 332 2756 omnibus
349 2690 469 2772 detur,
493 2691 556 2755 sed
573 2691 707 2756 donum
724 2691 773 2754 sit
788 2691 985 2774 personale
1002 2689 1206 2754 credulitas

81 2793 207 2858 stillis
230 2799 377 2860 tantum
400 2796 551 2860 credere
576 2798 764 2878 suppetat,
795 2793 930 2876 quibus
955 2795 1044 2858 deus
1068 2794 1206 2876 specie·
1232 2819 1245 2858 e

82 2891 161 2960 liter
189 2899 358 2980 donauit,
389 2902 428 2964 ut
458 2899 662 2964 crederent.
714 2917 783 2963 uon
814 2899 867 2962 ita
897 2902 961 2962 est.
1012 2916 1093 2962 uem
1124 2897 1206 2960 dum

82 3015 150 3064 earn
174 3003 343 3068 domiuus
367 3005 478 3068 etiam
502 3003 545 3068 ab
569 3003 776 3068 incredulis
798 3003 927 3086 exigit,
944 3001 1112 3066 omnibus
1129 3019 1206 3065 eam

83 3099 252 3172 insertam
284 3127 366 3172 esse
394 3107 635 3173 demonstrat.
681 3108 739 3171 cui
763 3110 885 3170 eutem
909 3107 1022 3170 etiarn
1045 3107 1125 3189 ipsa
1148 3123 1207 3170 uc·

83 3211 179 3275 lurae
200 3213 282 3297 lege
305 3230 376 3278 nou
400 3217 574 3297 suppetet
596 3213 758 3292 credere,
785 3211 930 3293 quaudo
954 3214 989 3275 et
1011 3211 1207 3274 daemones

84 3313 227 3381 creduut
254 3321 289 3381 et
311 3317 639 3382 contremiseunt?
1213 3341 1260 3378 ἰο

178 3507 368 3578 &mem

125 3683 137 3735 1
157 3699 295 3740 eumenem
307 3683 367 3739 XV
376 3682 453 3753 apud
462 3683 634 3738 Maxentium
646 3687 753 3737 uestrae
765 3681 974 3751 computationis
991 3696 1100 3734 umnec
1112 3679 1212 3734 XIIII

86 3771 233 3836 respondere
252 3773 268 3826 l.
282 3772 300 3826 l.
313 3771 455 3826 domimus
512 3771 528 3824 6
547 3785 608 3824 num
628 3767 692 3822 dum
710 3769 817 3838 scripsi,
836 3765 954 3820 nondum
972 3767 1067 3837 Mlpnc
1128 3768 1144 3821 8
1163 3781 1208 3818 ue·

83 3859 152 3908 turae
169 3859 273 3930 scripsi,
291 3860 388 3912 nature
406 3857 502 3928 Mipne

622 4081 666 4166 H.

127 4253 238 4322 Eodem
259 4257 325 4324 leco
341 4258 530 4324 Masonem
549 4257 674 4344 (Miprre
699 4256 719 4320 l.
736 4280 761 4319 c.
773 4280 809 4342 p.
827 4256 905 4342 111)
919 4253 1111 4340 posterioris
1129 4251 1210 4316 libri

89 4357 200 4424 Fame·
225 4363 262 4428 de
288 4363 399 4452 pratia
425 4373 524 4450 capul
547 4361 599 4426 XI
622 4361 715 4426 hodie
740 4361 884 4424 mamma
911 4383 950 4422 ece
972 4367 1070 4444 parte
1098 4357 1210 4444 deper-

136 4473 187 4514 ¹11.
201 4475 268 4518 rem.
1039 4465 1053 4514 *l
