2920 4928
517 393 761 463 Prolegomena.
911 387 914 394 ’
1115 397 1202 452 XLIX

78 563 211 630 lectiones
227 567 369 630 codicum
386 566 548 633 Claudiani
569 570 722 651 omnium,
745 571 888 653 quamuis
911 591 965 654 per
988 591 1022 638 se
1045 577 1201 656 spectatae

78 669 140 734 terri
165 671 295 754 possint,
322 671 462 736 bonitate
490 673 659 738 lectionum
682 675 796 739 codicis
820 673 841 740 S
863 681 1060 759 superantur,
1088 678 1201 760 quippe

78 791 145 854 quae
166 776 333 840 concinant
355 795 427 841 oum
450 795 485 842 eo
509 781 605 859 testu,
628 798 720 860 quem
745 778 933 844 Claudianus
960 781 1026 864 ipse
1051 782 1201 864 epistulae

78 877 252 945 Faustianae
274 882 359 945 locos
382 883 534 964 quosdam
553 883 586 948 in
606 902 662 948 suo
683 902 774 967 opero
795 885 935 968 allegans
957 885 1096 969 praebet,
1119 885 1201 950 unde

77 979 94 1045 S
113 1001 203 1066 aeque
227 1003 263 1049 ac
288 985 493 1051 Claudianum
516 987 653 1071 genuina
675 986 783 1052 Fausti
810 988 907 1053 uerba
933 1007 1086 1070 seruasse,
1109 989 1202 1054 (ilau-

77 1086 150 1152 diani
174 1088 270 1154 libros
298 1090 465 1173 epistulam
493 1091 601 1155 Fausti
629 1110 665 1155 er
693 1095 782 1175 parte
808 1093 1028 1176 interpolatam
1058 1094 1201 1158 exhibere

77 1197 201 1274 apparet.
240 1198 314 1260 sunt
336 1199 440 1260 autem
464 1195 497 1259 hi
513 1196 586 1260 loci:
609 1216 639 1279 p.
659 1193 859 1277 17513111
879 1195 913 1280 (S
930 1197 1085 1262 1161111.
1101 1199 1199 1262 Mam.

76 1313 101 1375 p.
116 1293 254 1378 84,6F.,
278 1315 339 1362 om.
359 1299 427 1363 rell.
448 1299 550 1375 codd.;
579 1299 632 1382 qui
654 1300 740 1364 loeus
763 1301 942 1384 grauissimi
969 1303 1119 1366 momenti
1142 1307 1200 1384 est,

76 1417 138 1464 cum
159 1401 209 1465 hie
224 1411 286 1464 aut
300 1404 392 1468 modo
408 1404 485 1468 satis
502 1405 652 1488 singulari
668 1404 785 1468 dictum
802 1424 870 1470 esse
886 1423 977 1470 nemo
993 1425 1055 1471 nou
1071 1407 1200 1491 uideat),

79 1502 140 1586 175,
158 1503 195 1568 18
212 1503 387 1570 desideriis
403 1506 525 1590 (Claud.
542 1507 640 1572 Mam.
657 1509 679 1572 l.-
694 1509 716 1573 l.
733 1513 764 1574 et
780 1508 800 1574 S
815 1507 1022 1595 [desiderii],
1039 1508 1200 1574 desiderio

75 1609 157 1692 rell),
182 1607 253 1691 178,
272 1609 309 1673 17
333 1620 460 1674 tantum
476 1616 508 1676 et
523 1609 640 1675 aderat
656 1611 690 1694 (S
706 1631 778 1676 cum
794 1613 902 1688 Claud.
917 1633 948 1696 p.
968 1613 1039 1695 162,
1058 1613 1107 1696 13,
1132 1625 1200 1677 ton-

76 1713 226 1776 1111111
256 1720 288 1779 11
317 1725 389 1778 1111
418 1716 511 1799 rell),
542 1714 672 1797 178,15
702 1722 774 1800 post
804 1715 983 1780 dominicae
1013 1719 1110 1783 uerba
1138 1737 1200 1784 non

76 1816 211 1900 leguntur
225 1820 258 1884 in
274 1819 295 1886 S
311 1824 342 1884 et
358 1819 466 1885 Claud.
482 1840 512 1902 p.
531 1817 603 1902 162,
622 1819 672 1902 10,
696 1840 774 1903 quae
797 1823 830 1886 in
851 1823 918 1886 rell.
936 1823 1022 1887 codd.
1039 1843 1094 1905 per
1117 1824 1201 1888 frau-

75 1921 137 1986 dem
152 1924 308 1990 inculcata
323 1929 406 2006 sunt,
418 1924 647 2010 praeceptione
663 1924 892 1990 ordinationis.
927 1927 1005 1990 adde
1021 1927 1103 2008 quod
1118 1946 1200 1992 unus

75 2025 241 2110 Spriorem
268 2031 423 2114 epistulae
449 2035 571 2114 partem
595 2032 744 2112 semauit,
772 2051 866 2114 quam
889 2050 987 2114 aeque
1011 2031 1200 2097 Claudianus

75 2133 160 2214 uouit,
176 2137 270 2216 atquo
287 2153 333 2216 ea,
350 2153 428 2217 quae
443 2137 476 2200 in
491 2135 661 2219 posteriore
680 2139 768 2218 parte
784 2135 857 2200 libri
873 2135 1036 2200 Claudiani
1052 2137 1201 2200 omittunt

75 2235 118 2312 (ci.
138 2238 217 2302 iutra
243 2259 272 2322 p.
296 2237 369 2321 179,
388 2237 546 2321 14-180,
562 2237 627 2321 22),
655 2238 675 2304 S
698 2241 775 2304 item
799 2240 922 2324 integra
944 2239 1082 2322 praebet.
1121 2243 1200 2323 quae

74 2357 137 2406 eum
165 2343 209 2408 ita
238 2345 313 2424 1111,
343 2345 396 2427 qui
425 2346 545 2410 ratione
576 2348 607 2408 et
637 2345 688 2408 uia
717 2345 824 2409 Fausti
856 2345 1005 2429 epistulas
1038 2363 1200 2410 recensere

74 2445 205 2527 uoluerit,
236 2447 267 2512 id
296 2448 440 2532 inprimis
471 2467 563 2534 agere
594 2448 729 2528 debebit,
760 2452 795 2512 ut
825 2449 1007 2532 corruptelis
1038 2449 1150 2512 codicis
1178 2447 1199 2513 S

74 2565 158 2628 quam
188 2551 383 2617 lenissimam
414 2553 598 2618 medicinam
629 2553 776 2616 adhibeat
806 2556 838 2616 et
864 2553 1039 2618 litterarum
1067 2552 1201 2636 uestigia

74 2669 158 2733 quam
180 2656 414 2740 religiosissime
437 2662 569 2740 premat.
608 2660 701 2738 atquo
728 2657 759 2720 id
786 2657 817 2720 in
846 2657 890 2721 eis
913 2657 1112 2739 potissimum
1136 2657 1200 2740 epi-

73 2759 155 2824 stulis
177 2759 409 2826 obsemandum
432 2766 490 2843 est,
517 2779 597 2843 quae
619 2761 718 2826 altero
741 2761 876 2843 quodam
899 2761 1003 2826 codice
1026 2761 1199 2841 traduntur,

74 2863 204 2928 1111111
227 2865 350 2948 epistl
374 2869 406 2930 et
427 2865 470 2947 ΙΙ,
498 2883 575 2948 quas
599 2866 694 2930 codex
716 2865 752 2946 P,
780 2865 867 2929 etin
891 2865 1032 2948 epistulis
1057 2863 1199 2946 V—Vll,

73 2983 141 3045 quas
163 2969 257 3034 codex
280 2968 308 3050 Q
329 2970 476 3035 continet.

110 3071 154 3136 Ac
175 3075 311 3157 primum
335 3074 461 3157 quidem
484 3073 521 3138 de
544 3074 729 3139 auctoritato
752 3073 865 3138 codicis
880 3073 906 3136 P
922 3073 1071 3154 dicemus,
1096 3091 1199 3154 quem,

73 3194 253 3261 quamquam
269 3197 363 3262 supra
377 3199 407 3262 p.
423 3179 542 3244 XXXV
558 3179 680 3262 magnis
695 3177 839 3243 laudibus
856 3177 1022 3242 extulimus
1044 3177 1139 3241 libros
1163 3177 1200 3240 de

72 3281 165 3362 gratia
193 3283 415 3364 continentem,
446 3287 551 3348 tamm
579 3301 641 3348 non
669 3301 736 3346 esse
763 3282 920 3362 idoneum,
950 3299 1011 3363 quo
1038 3280 1151 3345 codicis
1179 3279 1200 3346 S

72 3387 240 3452 auctoritati
272 3387 388 3470 aliquid
418 3387 610 3468 detrahatur,
641 3387 802 3452 contendo.
841 3385 1083 3468 subscriptiones
1115 3385 1199 3448 enim

72 3487 134 3553 illas
156 3492 380 3576 episcopomm,
407 3511 484 3575 quas
511 3493 544 3556 in
566 3491 628 3556 due
652 3491 803 3574 epistulae
825 3491 944 3574 primae
967 3490 993 3554 P
1021 3489 1155 3571 exhibet,
1179 3487 1200 3554 S

73 3595 261 3677 nonhabet,
291 3595 330 3660 ad
360 3597 491 3661 alteram
522 3597 673 3680 epistulae
704 3595 916 3660 recensionem
945 3593 1100 3658 aFausto
1132 3593 1199 3676 ipso

72 3700 234 3778 proiectam
249 3701 428 3766 rettulimus
445 3704 486 3782 et,
507 3719 697 3784 quamquam
713 3699 901 3780 dubitanter,
925 3698 1075 3781 suspicati
1091 3717 1199 3762 sumus

72 3803 158 3868 etiam
188 3806 248 3870 duo
278 3805 333 3870 illo
361 3805 576 3870 additamenta
597 3825 627 3889 p.
647 3801 774 3885 162,17
796 3801 833 3866 e'd
856 3811 901 3866 est
924 3801 962 3865 de
986 3799 1197 3886 baptizato..
1253 3841 1255 3848 ι

71 3905 172 3970 coluit
194 3913 226 3974 et
251 3909 322 3990 163,
338 3907 380 3972 26
403 3909 433 3972 ee'
453 3908 635 3987 dumtaxat,
658 3907 715 3994 qui
731 3929 846 3992 capere
861 3907 929 3970 iam
940 3906 1046 3992 possit
1061 3905 1200 3970 arbitrii

73 4007 242 4078 libertatem
265 4015 381 4080 Fausto
410 4015 525 4079 deberi.
564 4015 619 4080 sed
646 4015 747 4078 facere
771 4031 833 4078 non
856 4030 995 4096 possum,
1023 4013 1098 4094 quin
1126 4029 1199 4074 con-

71 4117 172 4182 cedam
191 4119 475 4184 additamentorum
498 4123 621 4202 praeter
644 4117 886 4201 subscriptiones
905 4117 975 4180 illas
995 4117 1129 4180 formam
1149 4133 1199 4178 sa·

72 4238 137 4300 pere
152 4223 417 4308 interpolatorem,
441 4225 493 4306 qui
509 4225 642 4288 fortasse
659 4223 728 4287 aliis
745 4240 866 4304 quoque
889 4221 965 4285 locis
990 4239 1118 4284 munere
1142 4237 1198 4282 suo

72 4325 191 4393 iunctus
213 4333 271 4410 est,
295 4329 382 4394 uelut
403 4349 432 4411 p.
453 4327 524 4408 166,
540 4325 571 4408 9,
601 4327 654 4392 ubi
683 4347 723 4390 ea
749 4323 895 4388 monibus
923 4344 993 4390 cum
1022 4341 1083 4389 non
1106 4323 1199 4388 intel·

117 4437 170 4484 xxr.
183 4438 255 4482 1111.
1026 4429 1044 4479 d
