2954 4930
769 435 898 490 Ruricii

469 610 517 674 Ne
539 611 602 675 fors
627 611 789 694 displiceat
812 611 889 675 leuis
912 627 1044 674 camena

469 715 563 779 Tanti
585 715 696 780 iudicio
720 715 821 779 minor
843 714 996 798 magistri.

468 819 537 884 Hoc
560 823 595 884 tu
617 819 788 884 luminibus
810 820 911 884 libens
933 836 1067 898 recurre,

468 923 537 988 Hoc
560 925 676 988 sanetis
700 923 845 988 manibus
869 924 1014 1006 frequens
1037 921 1174 1002 reuolue,

468 1027 536 1092 Hoc
559 1031 594 1092 tu
617 1029 692 1092 dum
715 1029 838 1113 relegis,
861 1028 924 1093 mei
947 1029 1113 1092 memento.

467 1133 520 1196 Me
544 1151 668 1216 semper
690 1135 808 1198 recolat
831 1135 985 1215 canatque
1008 1131 1116 1214 lingua

467 1235 507 1301 iot
530 1255 618 1302 meus
642 1257 693 1302 me
716 1241 832 1319 teneat,
856 1255 947 1320 sopor
968 1238 1113 1315 retentet,

467 1341 520 1404 Me
544 1361 667 1424 semper
689 1343 808 1408 recinat
830 1345 919 1406 tuum
942 1340 1102 1405 labellum.

466 1445 533 1509 Hos
557 1449 592 1510 tu
615 1445 786 1511 uisceribus
809 1447 869 1529 piis
892 1445 1035 1525 reconde,

466 1549 532 1614 Hos
557 1553 638 1614 teoto
661 1551 802 1615 residens
826 1551 974 1632 uiamque
996 1567 1137 1630 carpens,

466 1653 533 1718 Hos
556 1655 636 1718 inter
659 1655 770 1719 calices
794 1659 861 1720 toro
883 1652 1068 1719 recumbens

467 1757 508 1822 111
530 1777 639 1841 pareas
664 1760 771 1843 epulas
795 1759 942 1840 cibosque
965 1756 1082 1836 dulces,

466 1860 567 1926 Antro
590 1863 725 1946 pectoris
749 1867 781 1927 et
803 1863 943 1926 medulla
964 1861 1065 1926 cordis

466 1966 608 2032 Inolnsos
630 1968 728 2032 recita
751 1970 883 2031 canente
907 1969 1022 2030 mente.

466 2068 515 2134 Sic
538 2088 594 2134 nos
618 2074 649 2134 et
672 2075 796 2135 mutuos
820 2071 926 2135 uidere
948 2070 1054 2134 uultus

465 2174 503 2238 lit
525 2175 605 2239 uinis
629 2175 747 2240 tribuat
769 2175 884 2240 1111111
909 2173 1023 2257 uerbis,

465 2277 550 2357 Quae
575 2297 656 2342 nuno
679 2279 792 2343 intima
814 2279 948 2362 pectoris
971 2277 1115 2361 fatigant,

465 2382 608 2466 Largitor
632 2383 708 2446 deus
731 2383 873 2448 omnium
896 2383 1049 2449 bonorum

466 2485 607 2551 Christus
630 2506 702 2551 cum
725 2491 814 2570 patre
838 2487 1029 2572 sempiterno
1051 2503 1187 2569 regnans

466 2589 578 2656 Sancto
602 2591 724 2674 spiritui
748 2593 913 2676 dignantes
936 2591 1078 2675 hymnos.

792 2835 861 2899 XX.

258 2995 377 3037 nomo
400 2995 567 3038 nrmurnuo
591 2995 778 3043 SEMPERQUE
801 2995 972 3038 uacnrrmo
994 2994 1078 3036 r1n1o
1100 2993 1233 3038 Rusrrco
1253 2996 1404 3038 uumerus

738 3081 915 3124 Episcopus

302 3217 554 3298 inquietudinem
584 3217 662 3281 mihi
693 3217 731 3281 ab
763 3219 832 3282 aliis
865 3221 897 3280 et
927 3217 1016 3280 uobis
1040 3235 1058 3280 a
1080 3235 1131 3280 me
1163 3217 1239 3280 lacit
1261 3217 1402 3281 amicitia

205 3347 231 3387 m
258 3322 444 3403 communis,
469 3322 551 3404 quia,
568 3322 620 3403 qui
636 3341 686 3385 me
704 3321 785 3404 apud
800 3339 867 3396 noo,
891 3339 953 3386 non
969 3321 1036 3385 dico
1052 3321 1198 3401 multum,
1222 3320 1277 3384 sed
1293 3323 1402 3386 omnia

257 3443 348 3508 posse
372 3425 542 3507 confidant,
566 3425 605 3489 ad
628 3427 824 3490 ecclesiolam
841 3429 981 3491 nostram
997 3442 1053 3509 pro
1070 3443 1127 3488 sua
1142 3425 1309 3489 securitate
1327 3444 1400 3490 eon·

256 3529 391 3614 lugiunt.
427 3548 559 3613 quornm
583 3547 639 3613 ego
663 3549 725 3594 non
748 3549 878 3614 possum
901 3548 964 3594 non
987 3533 1019 3594 et
1042 3529 1204 3594 condolere
1226 3529 1401 3613 gemitibus
1466 3593 1467 3622 p

257 3637 288 3698 et
309 3633 453 3717 precibus
477 3633 631 3714 oboedire,
655 3637 690 3698 ut
712 3653 767 3717 pro
790 3635 930 3719 ipsorum
953 3633 1080 3716 quidem
1100 3637 1200 3714 reatu,
1225 3633 1280 3697 sed
1296 3637 1329 3696 et
1344 3651 1401 3716 pro
1466 3623 1467 3661 ³

256 3741 361 3804 uestro
393 3739 508 3822 pariter
538 3738 680 3821 profectu
707 3739 856 3822 potestati
883 3741 1007 3802 uestrae
1031 3738 1188 3802 adtentius
1212 3736 1398 3820 supplicem.

204 3869 230 3909 eo
257 3861 314 3906 nec
344 3843 474 3922 mireris,
505 3843 588 3924 quod
619 3842 681 3906 dixi
711 3843 836 3907 illorum
866 3846 988 3906 reatum
1017 3841 1055 3905 ad
1078 3845 1220 3906 nestrum
1242 3841 1399 3922 pertinere

255 3947 441 4030 profectum,
465 3946 619 4028 siquidem
643 3947 766 4010 illorum
789 3947 985 4030 indulgentia
1006 3949 1112 4010 uestra
1134 3945 1170 4010 lit
1190 3946 1292 4024 uenia,
1316 3945 1396 4008 sient

301 4118 476 4174 lcaminaS
527 4117 694 4174 2iuditioS
746 4121 919 4173 trauersae
971 4119 995 4172 3.
1009 4119 1063 4172 at
1081 4115 1141 4185 hoc]
1162 4117 1209 4170 hos
1222 4117 1397 4186 Luctjobcnn

256 4203 385 4273 tralegio
399 4206 435 4261 S¹
454 4207 484 4259 in
503 4221 602 4260 rausero
655 4204 819 4260 membres
869 4201 1033 4260 8labellum
1050 4221 1074 4273 c,
1093 4202 1167 4257 ballii
1179 4203 1203 4260 S
1255 4206 1287 4258 11
1306 4202 1397 4257 soror
1465 4197 1466 4200 ’

257 4293 290 4346 12
309 4289 485 4360 oybosqueS
539 4292 703 4346 locantes
755 4293 787 4346 15
806 4289 933 4346 nultosS
984 4293 1016 4346 18
1034 4289 1169 4358 largiorS
1220 4291 1253 4344 20
1271 4288 1396 4357 hymnos]

258 4375 357 4430 liniunt
374 4393 467 4430 uersus
486 4377 588 4432 adm
640 4379 674 4431 24
691 4377 718 4446 qb
737 4377 783 4444 8¹,
801 4376 834 4430 ab
855 4379 893 4432 3²
944 4375 1147 4431 ammicitiaeb'
1199 4379 1232 4431 27
1251 4391 1301 4444 ego
1319 4393 1397 4430 naar
