2954 4930
544 429 610 484 1111.
629 429 738 484 Sermo
756 431 797 485 29.
1175 425 1239 490 339

100 622 196 687 supra
218 605 353 670 hominis
369 603 576 670 eonditionem
592 605 745 668 uirtutum
760 604 894 686 gratiam
909 602 1077 686 postulare.
1111 600 1239 664 humilis

97 709 214 792 quippe
245 727 312 774 esse
342 707 437 774 debet
466 709 604 774 humens
633 708 852 790 interpellatio,
884 724 946 772 non
968 708 1238 790 praesumptuose,

98 814 236 878 salutem
266 817 390 878 tsutum
412 813 586 896 postulans,
617 831 678 878 non
702 813 886 876 uanitatem.
932 829 1003 875 oum
1027 810 1110 874 enim
1133 809 1238 874 nullus

97 917 193 982 homo
225 921 311 982 extra
339 921 504 1001 peoostum
535 935 603 982 esse
633 917 741 1000 possit,
772 933 852 998 quse
881 914 1074 999 impudentia
1096 917 1144 978 est
1166 931 1238 978 eum

97 1023 232 1088 uirtutes
261 1027 376 1106 petere,
409 1023 462 1105 qui
493 1021 594 1087 adhue
624 1021 661 1085 ds
688 1021 782 1086 uenis
805 1021 995 1104 adplenum
1018 1037 1145 1085 securus
1169 1037 1237 1084 esse
1277 1041 1290 1080 ε

99 1144 163 1192 non
193 1127 315 1210 possit?
360 1125 475 1192 suffieit
507 1144 580 1210 ergo
612 1126 730 1192 homini
759 1125 1004 1190 misericordiam
1030 1123 1146 1188 domini
1168 1141 1239 1205 pro-

99 1231 223 1296 mereri.
263 1231 432 1296 munimem
455 1249 489 1294 se
504 1249 523 1295 θ
538 1231 595 1296 deo
618 1229 790 1294 obtinuisse
813 1230 965 1294 uirtutum
988 1228 1123 1312 gretiam
1146 1227 1239 1292 debet

98 1335 235 1416 eredere,
259 1336 311 1418 qui
332 1335 468 1418 potuerit
490 1335 528 1400 od
550 1334 777 1418 indulgentiam
799 1333 971 1417 peruenire.
1011 1332 1063 1414 qui
1083 1331 1166 1397 enim
1182 1333 1238 1396 eli·

97 1439 173 1521 quid
196 1443 455 1523 praesumptuose
477 1439 614 1523 petierit,
637 1439 696 1504 hoo
717 1439 785 1522 ipso
808 1439 913 1502 minus
936 1439 1072 1528 meretur
1088 1437 1237 1520 seoipere,

97 1545 124 1608 si
154 1543 266 1609 ultiom
295 1544 541 1628 praesumpserit
570 1543 737 1626 postulare.
783 1543 1002 1623 nicomedis,
1035 1543 1117 1626 quod
1143 1542 1237 1606 homo
1264 1562 1290 1602 lo

97 1649 253 1714 uirtutum
275 1649 409 1733 gratiam
431 1651 552 1731 petens,
576 1649 602 1712 si
625 1665 687 1713 non
710 1645 873 1714 offenderit
895 1647 989 1712 deum
1004 1665 1132 1732 precum
1148 1663 1237 1729 proo-

97 1753 287 1837 sumptione,
309 1753 478 1835 periclitari
499 1756 605 1818 tomen
628 1753 742 1836 poterit
764 1752 912 1818 uanitate.
949 1770 1011 1818 non
1033 1752 1117 1816 enim
1137 1751 1237 1816 omni·

96 1855 156 1921 bus
188 1857 313 1941 expedit
344 1857 585 1922 exercendorum
615 1857 770 1922 uirtutum
791 1857 926 1940 gratiam
949 1855 1116 1939 possidere.
1163 1858 1237 1919 sunt

97 1961 184 2026 enim
202 1961 337 2043 potiores
357 1962 390 2026 in
405 1961 581 2026 humilitate
597 1962 699 2044 positi,
724 1979 819 2043 quam
834 1961 983 2026 iaetantia
999 1961 1174 2026 sanctitatis
1189 1960 1236 2024 in·

96 2063 174 2130 fleti.
220 2069 304 2146 sunt,
334 2064 448 2148 quibus
471 2065 645 2148 periculosa
671 2069 720 2129 est
748 2066 817 2147 ipse
846 2063 1022 2130 sublimitas
1052 2064 1234 2147 gratiarum.
1263 2082 1287 2123 ιε

94 2170 149 2252 qui
172 2169 204 2233 in
228 2169 347 2234 exoelso
370 2169 490 2252 positus
511 2168 641 2233 firmiter
657 2173 739 2234 stoue
755 2187 817 2233 non
833 2169 929 2249 nouit,
953 2169 1011 2232 hoo
1027 2169 1093 2252 ipso
1109 2168 1235 2251 grauius

94 2273 191 2354 eadit,
215 2273 295 2356 quod
319 2273 358 2337 sd
381 2273 491 2338 altiora
513 2274 735 2338 conscenderit.
782 2277 814 2338 et
837 2273 904 2337 ideo
927 2273 1037 2337 beatus
1061 2273 1233 2355 spostolus:

94 2377 317 2458 diuisionem,
341 2377 451 2459 inquit,
474 2378 682 2461 gratiarum
707 2380 808 2458 suut,
832 2381 876 2442 et:
900 2377 990 2441 lineo
1011 2377 1133 2442 omniu
1153 2394 1235 2458 ope-

93 2487 201 2546 ratur
216 2500 310 2546 unus
327 2485 437 2564 atque
457 2482 553 2546 idem
573 2482 731 2564 spiritus
747 2482 918 2546 diuidons
935 2482 1110 2565 singulis,
1126 2483 1235 2564 prout

93 2587 186 2651 uult.
222 2585 302 2651 bene
325 2586 383 2650 sit:
406 2589 499 2668 prout
513 2587 592 2666 uult,
615 2587 689 2668 quia
703 2586 781 2650 nihil
797 2590 846 2650 est
860 2587 979 2652 homini
994 2585 1115 2664 melius,
1139 2602 1233 2667 quem
1260 2603 1287 2642 20

92 2691 179 2773 quod
207 2690 260 2754 ille
287 2691 365 2755 uult.
411 2691 556 2754 uoluntas
580 2691 665 2754 enim
688 2691 814 2773 spiritus
838 2691 937 2754 saneti
960 2689 1039 2754 bene
1064 2689 1151 2754 nouit
1172 2689 1234 2752 dis·

91 2812 229 2877 pensons
252 2812 383 2860 munere
405 2813 471 2859 sua.
517 2795 595 2860 nihil
619 2799 667 2860 est
688 2795 808 2874 utilius,
835 2813 930 2876 quom
952 2795 1010 2860 hoo
1033 2797 1156 2858 tentum
1178 2792 1234 2856 ho·

92 2900 215 2964 minem
245 2899 283 2963 de
313 2898 484 2964 uirtutibus
514 2899 639 2979 habere,
670 2899 752 2981 quod
782 2899 910 2982 spiritus
938 2901 1064 2964 sanstus
1092 2897 1235 2962 iudionrit

92 3003 217 3068 homini
240 3021 273 3068 εθ
296 3003 407 3068 debere
429 3003 578 3068 conferre.

137 3107 221 3174 Snne
244 3109 271 3172 si
292 3109 360 3191 quis
383 3107 537 3174 lsirtutum
560 3109 693 3192 gratim
716 3108 872 3174 desiderat
886 3107 1036 3188 obtinere,
1060 3105 1157 3172 habet
1171 3105 1234 3170 uir-
1260 3125 1286 3164 ss

90 3217 191 3292 tutes,
222 3229 300 3295 ques
329 3213 429 3296 possit
458 3213 641 3278 innocenter
671 3216 825 3296 oppetere.
882 3214 1012 3295 quaerat
1044 3211 1233 3290 uastitatem,

91 3315 310 3402 apprehendat
332 3315 545 3396 sobrietatem,
568 3320 676 3382 tonost
697 3317 903 3398 disciplinam,
927 3317 1037 3400 diliget
1060 3315 1233 3380 ueritatem.

90 3424 172 3487 istas
197 3421 281 3486 onim
303 3421 435 3486 uirtutes
458 3439 531 3486 oum
553 3421 603 3486 dei
626 3421 727 3505 grstia
748 3439 857 3486 omnes
880 3420 995 3486 hebere
1017 3437 1184 3502 possumus
1204 3423 1235 3483 et

91 3525 257 3592 debemus.
303 3543 366 3590 nou
396 3525 480 3590 enim
510 3525 543 3589 in
566 3525 641 3590 solis
665 3525 853 3608 expellendis
877 3525 1080 3590 doemonibus
1103 3528 1158 3588 out
1181 3541 1234 3588 eu·

90 3629 202 3696 mndis
231 3627 467 3694 infirmitatibus
498 3632 530 3694 et
559 3629 745 3694 sanitatibus
776 3629 885 3694 dandis
916 3631 1048 3696 uirtutes
1076 3647 1144 3694 esse
1168 3645 1234 3692 ore·
1260 3645 1286 3686 so

89 3733 215 3800 dendne
244 3737 328 3798 sunt.
374 3751 466 3798 omne
497 3751 574 3817 opus
601 3733 719 3798 bonum
747 3734 846 3798 uirtus
871 3739 927 3800 est.
974 3734 1000 3798 si
1022 3732 1131 3798 ootidie
1153 3731 1233 3796 bene

89 3838 198 3924 agitis,
222 3837 249 3904 si
271 3840 378 3902 sancto
402 3841 433 3902 et
454 3837 536 3902 iuste
559 3837 674 3918 uiuitis,
701 3838 810 3902 cotidie
834 3838 987 3904 uirtutum
1011 3853 1105 3922 opera
1126 3839 1234 3900 saneta

90 3942 268 4025 eompletis.
315 3959 378 4006 non
400 3945 503 4026 potest
526 3941 638 4026 aliquis
661 3941 699 4007 ab
724 3943 785 4007 ulio
808 3942 992 4008 daemonem
1023 3941 1184 4025 expellere,
1215 3957 1234 4004 θ

202 4079 246 4148 18]
268 4082 279 4136 l
300 4079 359 4136 cor.
374 4081 414 4145 12,
427 4085 451 4136 4.
507 4084 519 4137 l
540 4079 598 4136 Cor.
614 4083 708 4146 1211.

134 4205 393 4272 2pruesumptyosu
410 4203 437 4259 R
488 4205 591 4272 oquae
608 4203 636 4260 R
652 4203 678 4270 (e
696 4205 728 4258 in
745 4205 812 4270 roe.)
864 4201 1109 4272 impudentiaR(p
1123 4204 1155 4258 in
1165 4203 1233 4270 rus.)

91 4293 126 4348 lo
144 4289 197 4344 hoo
214 4289 243 4346 R
295 4291 328 4346 14
345 4290 374 4344 in
392 4290 464 4362 Mol,
481 4291 584 4348 suntid
636 4292 670 4347 23
688 4289 798 4360 spiritus
816 4291 1070 4348 sunctusRinras.
1125 4288 1231 4346 33doe·

89 4393 201 4433 monem
220 4377 248 4434 R
264 4375 325 4444 (dee
342 4380 374 4433 tn
390 4379 457 4446 rae.)

1027 4467 1077 4516 22*
