2924 4924
544 405 609 460 1111.
628 407 738 460 Sermo
757 411 796 464 18.
1176 410 1239 475 295

95 583 181 664 quod
204 585 290 666 prius
313 588 401 664 pater
416 589 523 648 noster
540 583 681 648 diabolus
704 585 808 666 fuerit,
832 605 867 650 er
890 605 1022 668 persona
1038 587 1086 648 dei
1109 587 1238 668 loquen-

94 691 138 752 tis
163 689 203 752 ad
227 688 390 752 ecclesiam
413 690 578 771 psalmista
600 694 826 754 commemorat
849 690 969 754 dicens:
1004 691 1110 770 ¹audi,
1140 691 1237 771 iilia,

95 804 134 856 et
158 793 242 856 uide
266 797 301 856 et
318 794 459 858 inclina
482 813 608 858 aurem
632 799 731 859 tuam
756 799 791 860 et
814 794 1039 858 obliuiscere
1061 797 1238 879 populum

96 903 203 961 tuum
227 901 262 962 et
285 899 432 962 donrum
455 899 575 982 patris
599 900 662 963 tui.
697 899 890 964 considerate
906 918 979 982 ergo
994 901 1141 982 primum,
1165 899 1238 982 quid

94 1003 223 1067 dixerit:
258 1003 330 1067 audi
354 1003 425 1083 iilia,
454 1004 563 1084 inquit.
609 1005 660 1085 qui
684 1004 772 1067 dicit:
807 1003 879 1068 audi
907 1003 981 1084 filia,
1012 1007 1101 1087 pater
1131 1005 1237 1086 utique
1276 1031 1289 1070 s

94 1112 152 1172 est.
202 1126 274 1171 cum
298 1108 387 1172 dixit:
422 1107 606 1172 obliuiscere
633 1109 784 1192 populum
813 1113 901 1172 tuum
926 1112 957 1171 et
984 1108 1112 1172 domum
1140 1109 1237 1192 patris

95 1214 153 1292 tui,
183 1216 304 1293 patrem
332 1213 438 1293 utique
462 1213 609 1276 admonet
635 1213 883 1294 relinquendum.
929 1213 1101 1277 innitamur
1124 1231 1239 1297 ergoa

94 1318 153 1380 deo
183 1320 281 1398 patre,
310 1321 344 1380 ut
371 1315 522 1380 beateae
550 1317 633 1381 felici
657 1319 900 1382 commutatione
928 1323 1051 1398 patrem
1079 1317 1237 1381 diabolum

93 1422 324 1502 relinquamus,
357 1419 436 1485 bene
460 1420 619 1485 ‹liubolum
642 1426 764 1505 patrem
787 1421 1005 1503 relinquimus,
1029 1422 1056 1485 si
1079 1421 1135 1485 deo
1151 1421 1237 1485 auri-

93 1527 193 1590 liante
217 1525 420 1589 calliditatem
444 1529 475 1590 et
499 1527 651 1608 nequitias
675 1526 758 1590 illius
782 1525 882 1590 uitare
899 1518 1030 1608 'semper
1052 1527 1104 1589 uel
1127 1527 1235 1608 fugere
1263 1554 1288 1593 ιο

94 1631 290 1694 studeamus,

137 1733 229 1798 Haec
257 1753 330 1816 ergo
359 1735 474 1814 omnia,
503 1737 539 1798 ut
565 1735 603 1798 de
631 1739 713 1798 terra
741 1738 856 1814 nostra,
886 1735 917 1798 id
940 1737 989 1797 est
1011 1733 1048 1796 de
1072 1752 1237 1798 conuersa-

95 1839 184 1903 tione
207 1839 324 1902 carnali
352 1838 507 1920 possimus
532 1839 611 1902 crire
640 1843 672 1902 et
695 1839 911 1921 cognationem
935 1842 1084 1918 nostram,
1108 1839 1166 1902 hoc
1189 1843 1237 1900 est

93 1944 173 2008 uitia
197 1947 229 2006 et
251 1947 380 2025 peccata
402 1943 575 2024 relinquere
601 1943 692 2006 etde
716 1943 806 2007 domo
830 1943 946 2006 (lialroli
968 1943 1065 2025 patris
1090 1941 1236 2026 effugere,

92 2067 157 2112 non
183 2047 297 2110 nostris
320 2046 449 2127 uiribus,
479 2047 532 2110 sed
557 2047 671 2110 Christi
695 2048 796 2130 gratia
819 2047 954 2111 donante
978 2047 1159 2110 meruimus.
1206 2051 1237 2110 et
1264 2073 1288 2113 rs

91 2153 173 2232 ideo,
198 2155 350 2233 quantum
373 2151 540 2233 possimne,
565 2169 637 2215 eum
658 2152 706 2214 dei
731 2151 881 2216 adiutorio
904 2151 1093 2232 laboremne,
1117 2170 1155 2215 ne
1179 2151 1236 2214 ite-

91 2275 166 2320 rum
190 2256 229 2320 ad
252 2256 442 2320 consortium
458 2257 509 2318 uel
533 2256 700 2320 amicitiam
726 2255 840 2320 diaboli
856 2257 906 2320 uel
930 2256 1006 2320 uitia
1023 2257 1071 2320 uel
1096 2257 1235 2320 carnales

92 2360 364 2444 concupiscentias
395 2361 559 2424 redeamus
591 2365 716 2443 propter
746 2361 837 2441 illud,
876 2361 957 2443 quod
989 2361 1139 2443 seriptum
1174 2367 1235 2424 est:

91 2467 167 2528 iam
192 2483 306 2528 sanus
329 2464 451 2528 faetus
476 2483 528 2544 es,
557 2465 634 2528 noli
662 2483 832 2547 peccare,
861 2465 1015 2547 nequid
1044 2465 1114 2529 tibi
1137 2466 1237 2530 dete-

91 2571 172 2633 rius
195 2569 281 2648 fiat,
306 2567 360 2632 sed
376 2568 523 2632 Abrahae
547 2569 639 2632 iidem
663 2571 765 2652 potius
790 2570 939 2634 imitando
963 2573 995 2633 et
1019 2570 1100 2634 bona
1123 2571 1236 2653 iugiter
1263 2597 1288 2636 ac

91 2692 191 2758 opera
211 2673 352 2738 faciendo
376 2691 437 2737 non
455 2675 556 2737 solum
573 2674 611 2736 ad
628 2675 763 2754 ueniam,
788 2675 841 2737 sed
866 2675 959 2738 etiam
983 2675 1022 2737 ad
1045 2675 1236 2738 consortium

90 2780 143 2843 uel
169 2778 323 2842 amicitias
347 2779 394 2841 dei
427 2779 590 2860 peruenire
613 2779 780 2861 possimus.
826 2779 903 2842 illud
930 2778 1025 2842 etiam
1049 2783 1235 2858 metuentes,

90 2884 175 2965 quod
200 2883 238 2946 de
262 2883 320 2946 hac
344 2883 453 2946 eadem
476 2903 509 2946 re
532 2881 704 2967 (dominus)
726 2884 848 2948 loeutus
872 2887 920 2946 est
943 2883 981 2946 ad
998 2883 1139 2964 Moysen,
1163 2901 1233 2946 oum

91 2987 206 3071 grandi
235 2991 321 3051 metu
349 2990 381 3051 et
409 2991 541 3050 tremore
569 2988 764 3051 considerare
792 2987 952 3050 debemus.
1000 2987 1042 3050 sic
1066 2988 1150 3050 enim
1174 2988 1234 3051 ait:

92 3111 191 3172 carru,
216 3092 327 3174 inquit,
356 3092 556 3156 tradiderit
587 3092 691 3156 uoltis
723 3092 893 3155 dominus
924 3096 1062 3154 terram
1094 3091 1235 3154 Charra·
1262 3117 1288 3156 rs

92 3215 286 3276 nacorum,
315 3201 461 3275 cauete,
485 3214 528 3259 ne
551 3215 724 3278 umquam
748 3215 828 3260 cum
857 3195 1136 3260 habitatoribus
1164 3200 1235 3260 ter-

91 3321 154 3364 rae
184 3300 288 3364 illius
316 3300 484 3382 iungatis
513 3300 715 3380 amicitias,
744 3319 838 3381 qnae
866 3299 971 3364 uobis
1000 3301 1074 3364 sint
1101 3300 1136 3363 in
1164 3301 1235 3364 rui-

91 3426 188 3470 nam.
235 3423 307 3468 cum
331 3425 385 3487 per
408 3405 544 3488 gratiam
573 3403 720 3488 baptismi
743 3425 761 3468 a
790 3405 879 3468 nobis
903 3405 1008 3468 onmia
1031 3405 1162 3469 crimina
1185 3407 1234 3468 uel

90 3515 223 3594 peccata
246 3510 375 3593 expulsa
398 3529 465 3574 esse
489 3509 663 3590 credamus,
693 3510 716 3572 si
744 3513 854 3592 postea
877 3529 948 3572 eum
976 3510 1051 3592 ipsis
1076 3510 1160 3573 uitiis
1184 3511 1234 3574 uel

197 3681 225 3751 2]
245 3681 344 3736 Psalm.
358 3685 400 3747 44,
416 3685 455 3737 11.
507 3682 549 3750 19]
568 3681 659 3735 locun.
674 3687 698 3746 5,
713 3685 753 3737 14.
801 3683 846 3751 25]
866 3683 944 3736 Deut.
959 3685 982 3745 7,
999 3685 1025 3745 l;
1044 3681 1180 3747 11111134,
1194 3684 1234 3736 12.

135 3837 295 3896 ldiabulus
314 3841 343 3893 D
396 3839 522 3906 5inquid
543 3840 571 3892 D
623 3839 863 3894 8commotatione
884 3841 911 3893 D
965 3837 1102 3892 diabolum
1121 3840 1234 3894 Detru-

90 3945 139 3996 que
158 3929 217 3982 loco
285 3929 316 3980 12
335 3930 361 3978 te
382 3927 410 3980 D
476 3929 507 3980 14
527 3925 673 3994 relinquere
693 3929 772 3996 aiud,
792 3926 973 3994 relinquamus
993 3927 1022 3979 D
1086 3923 1186 3977 diabuli
1206 3926 1236 3980 D

91 4017 122 4070 17
142 4011 245 4066 diaboli
261 4013 288 4066 D
343 4017 375 4068 18
394 4013 621 4082 concupiscentias
639 4031 672 4068 ex
691 4013 964 4082 concupiscentiarum
979 4013 1008 4067 D
1060 4011 1193 4065 rediemus
1207 4013 1235 4068 D

89 4105 123 4156 ‘20
145 4099 262 4154 hebreae
286 4101 315 4154 D
385 4101 475 4169 potius
499 4101 528 4154 D
599 4099 732 4152 emitcndo
758 4101 785 4154 D
856 4103 889 4155 22
919 4103 1065 4152 metuentes
1087 4117 1137 4154 orn.
1162 4101 1232 4168 Arrq.

89 4191 122 4242 23
141 4185 269 4240 dominus
289 4189 370 4256 Any,
390 4206 439 4242 om.
461 4188 489 4241 D
554 4190 585 4241 24
607 4191 720 4239 tremore
740 4188 822 4256 Acq,
841 4203 930 4240 amoro
950 4187 978 4241 Ι)
1042 4189 1074 4240 25
1094 4185 1186 4252 inquid
1205 4187 1235 4240 D

90 4275 193 4328 chanan
214 4273 276 4326 corti
296 4274 325 4328 D
378 4275 411 4329 27
430 4273 527 4328 anitius
545 4274 573 4329 D
626 4277 660 4330 28
679 4273 752 4343 eum]
772 4274 842 4328 euim
862 4274 1011 4344 odddrqy.
1066 4271 1235 4330 babtismiD

91 4361 210 4416 cremina
231 4360 258 4416 D
