2924 4924
484 408 548 464 uu.
569 409 678 464 sermo
698 413 772 496 1--2.
1132 413 1194 478 227

74 582 134 662 qnia
161 600 221 648 non
251 583 305 666 qui
332 585 478 666 coeperit,
510 585 562 648 sed
591 587 643 668 qui
673 587 922 669 perseuerauerit
951 589 983 652 in
1013 607 1118 654 amore
1147 590 1197 654 dei

73 704 158 768 nsque
186 687 218 751 iu
249 687 359 768 tinem,
390 689 440 752 hio
471 691 577 754 saluus
610 691 677 755 erit.
735 693 786 773 qui
816 711 890 757 uero
921 693 960 756 ad
991 695 1196 777 elimosynam

73 791 163 854 tardos
186 795 217 856 et
240 791 279 856 ad
301 793 492 857 iracundiam
517 799 677 878 promptos
701 799 733 860 et
754 797 792 860 ad
817 798 1019 862 exercendam
1042 799 1195 863 luxuriam

73 895 245 978 praecipites
268 916 337 961 esse
360 917 394 961 se
417 903 619 982 cognoscunt,
650 900 816 966 auxiliante
840 901 964 966 domino
991 901 1142 967 festinent
1164 921 1198 966 se

73 1001 183 1064 amalis
200 1021 317 1082 eruere,
342 1005 386 1082 ut,
409 1020 489 1083 quae
505 1002 587 1066 bona
603 1007 687 1084 sunt,
712 1009 891 1069 mereantur
906 1005 1034 1089 inplere,
1057 1012 1101 1088 ut,
1126 1025 1197 1072 cum
1224 1033 1238 1072 a

74 1101 128 1168 dies
149 1105 253 1170 iudicii
277 1105 448 1186 aduenerit,
472 1124 534 1170 non
554 1125 626 1170 cum
649 1108 754 1191 impiis
778 1113 809 1172 et
830 1109 1043 1192 peccatoribus
1066 1111 1199 1193 punian-

73 1211 125 1288 tur,
144 1210 196 1272 sed
212 1228 285 1274 cum
302 1210 393 1274 iustis
414 1215 445 1274 et
464 1211 714 1276 misericordibus
730 1215 891 1296 peruenire
907 1214 947 1278 ad
967 1219 1093 1279 aeterua
1111 1233 1200 1299 prae-

73 1313 128 1375 mia
149 1318 326 1379 mereantur
347 1318 527 1396 praestante
551 1316 674 1381 domino
698 1321 804 1382 nostro
827 1318 900 1382 Iesu
920 1317 1057 1400 Christo,
1080 1321 1129 1384 oui
1152 1323 1201 1384 est

74 1414 162 1482 honor
177 1422 207 1482 et
228 1419 330 1503 gloria
351 1419 383 1482 in
407 1420 531 1484 saecula
547 1421 751 1486 saeculorum.
776 1421 889 1486 Amen.

610 1629 651 1694 Π.

435 1791 536 1834 81111Μο
559 1791 602 1832 DE
625 1791 827 1833 nummulum.

113 1938 256 2024 Legimus
280 1945 312 2006 et
334 1941 466 2006 fideliter
489 1942 670 2022 retinemus,
698 1943 779 2024 quod
802 1941 860 2007 sub
884 1943 951 2025 ipso
974 1943 1125 2026 principio
1148 1962 1203 2008 ua-

75 2045 182 2110 seentis
204 2046 314 2110 mnndi
335 2046 368 2110 in
390 2047 490 2129 primo
514 2047 641 2110 homine
663 2047 771 2110 fecerit
793 2065 849 2111 nos
872 2047 949 2111 deus
973 2047 1010 2111 ad
1034 2049 1202 2131 imaginem

75 2151 103 2208 et
128 2149 364 2214 similitudinem
392 2168 491 2214 suam.
539 2169 609 2214 eece
636 2151 668 2214 in
695 2150 754 2215 hac
781 2150 830 2214 die
858 2154 981 2215 mutata
1008 2151 1076 2214 uice
1103 2151 1203 2215 lactus

74 2254 119 2314 est
139 2252 211 2316 deus
235 2254 273 2317 ad
298 2253 533 2318 similitudinem
555 2257 705 2320 nostram.
737 2255 768 2318 in
791 2254 902 2337 primis
925 2255 964 2318 de
986 2255 1051 2318 suis
1075 2255 1205 2319 meliora
1233 2280 1257 2319 ιε

74 2357 207 2438 contulit,
235 2359 268 2422 in
296 2359 439 2423 secundis
463 2359 500 2422 de
524 2360 639 2424 nostris
667 2359 814 2423 interiora
835 2359 981 2442 suscepit.
1026 2379 1081 2442 per
1108 2359 1205 2423 inter-

74 2457 169 2526 dictae
184 2461 302 2526 arboris
325 2466 454 2546 gustum
475 2464 568 2547 primi
590 2463 725 2528 hominis
745 2464 871 2528 incauta
893 2463 1047 2547 fragilitas
1071 2466 1207 2546 tempta-

75 2562 118 2626 uit
139 2565 282 2649 adpetere
310 2567 479 2632 ambitione
502 2567 673 2632 damnabili
699 2567 817 2632 domini
844 2568 893 2631 sui
916 2567 1111 2632 diuinitatem
1137 2586 1208 2651 per-

74 2669 219 2734 suadente
244 2669 367 2736 diabolo
391 2675 421 2735 et
444 2672 581 2736 dicente:
614 2673 646 2736 si
669 2671 710 2736 de
733 2671 835 2755 ligno
858 2671 925 2736 hoe
947 2671 1207 2755 gustaueritis,

73 2773 287 2852 aperientur
307 2777 405 2840 oculi
428 2777 547 2841 uestri
570 2780 605 2840 et
628 2776 735 2840 eritis
758 2776 857 2840 siout
880 2759 940 2839 dii.
965 2775 1095 2856 ideoque
1112 2791 1207 2857 agno-
1233 2802 1259 2841 eo

73 2891 195 2944 scamus
226 2879 270 2963 pii
300 2881 398 2962 patris
426 2880 642 2945 admirabilem
672 2879 855 2944 bonitatem.
900 2879 993 2944 homo
1024 2879 1209 2943 sollicitante
1235 2952 1239 2962 Ι

73 2978 197 3048 inimico
227 2984 303 3048 deus
332 3003 400 3050 esse
429 2985 528 3050 uoluit
554 3003 609 3067 per
633 2984 813 3068 superbiam
837 2983 934 3066 [eius]
960 2987 992 3048 et
1015 2982 1090 3047 deus
1116 2983 1210 3048 homo

73 3083 174 3150 sactus
190 3091 239 3152 est
261 3107 317 3171 per
340 3089 592 3153 misericordiam.
631 3089 799 3154 innonatur
822 3088 854 3152 in
877 3087 966 3152 nobis
982 3087 1210 3170 quodammodo

72 3188 165 3255 hodie
187 3211 242 3276 per
258 3191 376 3258 Christi
391 3193 588 3258 diuinitatem
604 3193 722 3275 speeies
746 3193 830 3257 illius
847 3192 966 3274 antiqui
982 3195 1013 3256 et
1035 3191 1211 3274 incipientis

73 3297 201 3378 sacculi,
224 3297 349 3380 quando
372 3297 493 3379 primus
516 3297 619 3362 Adam
643 3297 680 3362 de
704 3297 770 3361 limi
793 3296 926 3360 materia
947 3295 1108 3380 figuratur.
1141 3313 1212 3359 ecoe
1239 3322 1265 3361 so

180 3477 206 3548 l]
225 3479 321 3534 Matth.
336 3481 376 3544 10,
390 3481 431 3536 22.
487 3479 531 3548 19]
550 3477 616 3534 Gen.
629 3481 654 3542 3,
666 3482 690 3534 5.

114 3635 198 3704 lqui
214 3652 350 3706 macer.
368 3635 399 3690 D
462 3635 577 3705 caeperit
593 3651 626 3691 ea
645 3633 730 3704 caepit
747 3634 779 3689 D
838 3631 1022 3704 aelymosina
1038 3634 1068 3688 D
1128 3632 1214 3688 3ira-

69 3723 183 3778 encas
203 3724 233 3779 D
303 3725 443 3792 promptos
467 3723 496 3777 D
565 3720 670 3776 luxoria
689 3721 719 3776 D
788 3723 857 3775 lae
876 3727 940 3790 poet
958 3735 1013 3774 caso
1030 3737 1165 3790 memoror.
1186 3720 1215 3774 D

68 3813 169 3880 5utq;
188 3811 226 3878 D,
245 3813 272 3864 et
289 3825 356 3879 quae
374 3811 453 3866 Maec.
515 3809 646 3865 reuma
662 3807 737 3879 pmii
756 3807 786 3862 D
846 3809 1015 3876 Sprertante
1034 3808 1064 3862 D
1127 3809 1156 3862 11
1177 3805 1216 3860 ite

68 3897 170 3968 incipit
192 3895 290 3952 omelia
311 3895 422 3952 iausdni
444 3895 477 3950 de
499 3895 642 3950 natiuitate
660 3896 702 3964 D;
719 3895 763 3950 bic
780 3911 865 3950 senno
888 3899 974 3949 astat
992 3895 1063 3948 inter
1083 3909 1216 3948 ammones

68 4009 336 4082 Auprruim’dabios
351 4009 503 4066 CXVIII]
517 4009 652 4078 (39,1982
664 4009 715 4075 M.)
769 4009 801 4062 12
819 4005 974 4078 princicipio
993 4005 1022 4060 D
1076 4007 1107 4060 14
1125 4004 1174 4057 lroc
1188 4005 1217 4058 D

68 4101 176 4154 motata
196 4099 227 4154 D
280 4099 313 4154 16
331 4095 456 4152 contullit
468 4098 497 4152 D
544 4095 655 4166 suscipit
668 4097 697 4151 D
745 4097 776 4150 17
790 4093 932 4162 lmgillitas
945 4093 975 4149 D
1024 4093 1055 4147 19
1068 4089 1175 4144 diabulo
1189 4091 1218 4144 D

67 4190 102 4244 29
114 4185 245 4252 inimicos
260 4185 290 4241 D
336 4183 393 4238 cius
404 4185 483 4241 abab
494 4185 602 4252 inoleat,
614 4199 749 4253 mproaer.
763 4181 800 4252 D,
813 4199 864 4238 om.
875 4181 946 4251 Aap.
988 4183 1014 4232 et
1026 4195 1132 4234 mosum
1145 4180 1176 4232 ia
1189 4177 1218 4231 D

67 4281 94 4330 et
111 4281 181 4330 onte
201 4272 283 4326 homo
300 4271 381 4328 addit
398 4271 428 4327 D
491 4273 525 4328 23
543 4269 665 4339 innobipp
684 4269 714 4324 D
732 4267 767 4332 (li
785 4269 903 4334 amam)
967 4263 1171 4334 qudldammodc
1190 4263 1219 4319 D

67 4367 101 4420 25
120 4361 157 4418 ad
178 4358 263 4415 adam
281 4359 312 4414 D
364 4357 456 4412 dolimi
474 4357 590 4427 mebris
607 4358 637 4412 D
1016 4439 1063 4496 w
