2920 4928
249 429 268 492 8
711 428 731 482 1.
751 429 794 482 Da
813 428 921 496 gratia

248 603 456 688 gubernatore
477 622 592 668 nauem
615 601 760 668 fluctibus
788 604 925 684 credant,
949 603 1088 667 medium
1110 606 1238 668 teneant
1260 621 1382 668 cursum

250 713 281 772 et
304 707 396 772 ambo
419 707 494 772 datu
519 708 623 772 dextro
648 707 856 790 perducentur
879 707 918 772 ad
940 711 1074 791 portum.

292 812 473 892 Videamus,
504 812 553 876 cui
583 812 734 894 impietati
760 812 922 896 geminum
944 811 1027 876 hunc
1051 830 1185 876 errorem
1208 812 1383 876 adsimilare

249 917 300 981 uel
327 917 466 980 conferre
493 917 658 1000 possimus,
704 917 770 1000 pari
798 917 888 980 modo
916 917 947 981 in
973 919 1095 998 petram
1123 916 1261 980 scandali
1288 916 1383 981 offen-

210 1039 222 1076 1
249 1021 327 1085 dunt
350 1022 399 1084 uel
423 1021 478 1100 illi,
502 1021 553 1103 qui
572 1020 730 1086 Christum
753 1021 914 1086 dominum
934 1021 1036 1084 solum
1052 1019 1155 1099 deum,
1179 1021 1230 1084 uel
1253 1021 1309 1100 illi,
1332 1021 1383 1102 qui

249 1127 350 1190 solum
373 1125 533 1190 hominem
557 1126 674 1190 amissa
698 1125 892 1190 discretionis
915 1127 983 1189 luce
1007 1143 1144 1188 asserere
1167 1142 1383 1208 praesumpse-

248 1234 330 1294 runt.
355 1248 453 1313 paene
470 1234 601 1313 utraque
618 1230 771 1310 nimietas,
788 1230 862 1293 dum
876 1229 1094 1294 discretionem
1111 1232 1203 1311 atque
1219 1229 1382 1292 discrimen

249 1339 353 1398 tenere
376 1335 485 1413 nescit,
514 1335 642 1416 aequale
665 1335 782 1397 crimen
810 1334 947 1398 incurrit.
993 1332 1120 1416 proinde
1148 1333 1200 1414 qui
1224 1332 1383 1397 Christum

250 1439 351 1502 solum
374 1438 533 1502 hominem
556 1438 675 1518 dixerit,
699 1438 827 1521 negauit
850 1437 984 1502 auctoris
1004 1437 1184 1520 potentiam,
1208 1438 1260 1520 qui
1283 1437 1383 1502 solum

200 1557 224 1596 ¹⁰
250 1543 352 1622 deum,
379 1542 513 1625 perdidit
539 1542 783 1606 misericordiam
812 1542 1025 1625 redemptoris.
1072 1559 1108 1605 ac
1131 1541 1185 1620 sic,
1213 1541 1265 1623 qui
1289 1559 1382 1604 unam

249 1647 280 1710 in
297 1647 421 1710 domino
445 1647 599 1711 saluatore
623 1645 833 1710 substantiam
857 1645 1053 1726 confitentur,
1076 1645 1108 1709 in
1131 1645 1212 1708 hano
1232 1645 1384 1709 constrin-

248 1753 361 1833 gentur
384 1751 614 1830 necessitatem,
638 1755 674 1814 ut
696 1754 750 1814 aut
773 1751 875 1814 solum
898 1750 1057 1814 hominem
1081 1750 1164 1814 caelo
1187 1749 1311 1832 lapsum
1332 1755 1384 1812 aut

249 1856 350 1919 solum
373 1855 464 1918 deum
481 1858 632 1938 cogantur
655 1855 756 1918 dicere
773 1853 961 1918 crucifixum.
994 1854 1047 1917 sed
1072 1871 1132 1918 non
1155 1853 1198 1917 ita
1214 1857 1270 1916 est.
1305 1872 1384 1917 mor-

249 1960 418 2024 tamenim
443 1977 499 2022 nec
523 1959 607 2023 solus
624 1958 700 2023 deus
723 1959 839 2022 sentire
862 1977 919 2022 nec
943 1959 1026 2022 solus
1050 1958 1142 2022 horno
1162 1975 1309 2040 superare
1331 1975 1384 2040 po-

199 2079 223 2118 ¹⁵
248 2065 361 2128 tuisset
393 2066 424 2128 et
452 2063 520 2127 idco
551 2082 620 2127 cam
656 2082 711 2146 pro
746 2064 888 2147 geminae
919 2063 1038 2126 ratione
1069 2061 1261 2126 substantiae
1292 2062 1384 2126 homo

249 2167 385 2249 suscepit
407 2171 438 2231 et
460 2167 536 2231 deus
560 2167 643 2231 uicit.
683 2169 709 2231 si
733 2187 805 2251 crgo
828 2167 969 2250 partibus
992 2169 1197 2250 proprietates
1221 2185 1293 2230 suas
1317 2167 1385 2230 red-

249 2271 303 2334 das
320 2277 351 2334 et
367 2270 526 2336 Christum
550 2271 643 2335 deum
667 2272 760 2335 simul
784 2276 877 2353 atque
900 2271 1058 2335 hominem
1075 2271 1181 2334 eredas
1205 2275 1237 2334 et
1252 2289 1384 2349 asseras,

248 2376 374 2459 perinde
398 2379 445 2440 est
467 2377 545 2440 acsi
566 2376 701 2458 gratiam
724 2395 794 2439 cum
818 2375 923 2439 lahore
946 2375 1116 2459 coniungas
1133 2378 1164 2438 et
1180 2374 1218 2439 ah
1235 2374 1385 2438 adiutorio

248 2479 297 2543 dei
313 2483 459 2543 conatum
483 2479 617 2543 hominis
642 2498 703 2544 non
723 2481 855 2562 repellas
879 2480 924 2544 ita
947 2483 1062 2559 tamen,
1085 2482 1121 2542 ut
1143 2479 1313 2543 adnitentis
1334 2479 1386 2542 de-

196 2599 222 2638 20
248 2583 365 2649 notioni
388 2585 529 2648 elationis
549 2585 673 2668 culpam
689 2586 813 2665 penitus
837 2602 899 2648 non
923 2583 1104 2662 admisceas,
1129 2583 1210 2665 quia,
1231 2587 1383 2666 quantum

247 2689 427 2752 detrimenti
455 2691 503 2752 est
530 2707 591 2752 non
618 2688 769 2769 laborare,
797 2691 920 2752 tanturn
947 2687 1076 2770 periculi
1104 2687 1141 2751 de
1164 2685 1268 2751 labore
1296 2706 1385 2770 prae-

247 2811 380 2855 sumere.

289 2897 373 2960 Dicit
404 2914 476 2979 ergo
507 2897 661 2980 Pelagine,
693 2896 775 2978 quod
806 2897 844 2960 ad
875 2895 1076 2960 obtinendam
1107 2897 1240 2960 salutem
1273 2901 1385 2960 natura

247 3000 382 3064 hominis
411 3000 470 3064 sihi
499 3002 564 3064 sola
587 3001 731 3065 sufficiat.
777 3001 821 3064 ita
847 3001 923 3064 haee
949 3001 1078 3083 pestifer
1100 3001 1206 3064 doctor
1228 3001 1385 3078 adfirmat,

196 3117 221 3157 ²⁵
247 3106 336 3185 quasi
363 3106 463 3169 adhuc
490 3105 611 3168 factura
638 3106 819 3170 conditionis
847 3109 971 3169 nostrae
998 3105 1029 3168 in
1057 3107 1142 3169 statu
1171 3123 1225 3168 suo
1253 3105 1385 3170 inlibata

246 3213 437 3290 permaneat.
481 3227 538 3291 ego
562 3209 705 3289 arbitror,
729 3209 810 3290 quod
833 3209 961 3272 libertas
985 3208 1103 3272 arbitrii
1128 3207 1186 3272 sibi
1209 3209 1276 3273 sola
1298 3209 1386 3272 suiti-

246 3331 314 3376 cere
331 3313 398 3376 sine
422 3313 574 3395 pracsidio
591 3313 708 3396 gratiae
733 3331 793 3377 non
817 3314 960 3396 potuerit,
985 3313 1080 3377 etiam
1097 3316 1265 3395 antequam
1289 3314 1386 3396 priui-

246 3418 363 3501 legium
387 3418 470 3481 illius
494 3418 701 3501 transgressio
725 3419 825 3500 prima
848 3419 987 3483 uiolaret.
1031 3419 1185 3501 quomodo
1206 3437 1279 3482 uero
1303 3439 1385 3483 nunc

246 3525 349 3604 potest
372 3521 433 3586 sihi
461 3523 527 3586 sola
550 3522 703 3602 sulficere,
732 3522 881 3587 adonius
909 3525 1120 3607 arrogantiam
1144 3523 1271 3587 dicitur:
1300 3525 1387 3606 quia

194 3642 219 3679 ³0
247 3627 326 3690 sine
355 3645 408 3688 me
437 3626 530 3690 nihil
557 3627 718 3708 potestis
746 3627 882 3707 facere,
915 3627 954 3691 ad
982 3629 1069 3691 cuius
1096 3623 1385 3711 praesumptionem

246 3731 371 3793 diuinus
388 3748 488 3793 sermo
502 3730 658 3814 dirigitur:
675 3732 746 3795 nisi
764 3731 933 3795 dominus
950 3731 1212 3796 aedifioauerit
1228 3733 1386 3814 domum,

349 3937 394 4006 29]
414 3937 505 3991 loaun.
527 3939 566 4000 15,
580 3941 602 3991 5.
658 3937 702 4005 31]
722 3935 820 3990 Psalm.
842 3939 898 4002 126,
913 3940 935 3992 l.

291 4111 448 4165 lnauimv
513 4113 630 4178 'lpacua
649 4111 675 4164 P
736 4113 863 4178 utraquae
882 4111 909 4164 P
970 4111 1029 4179 adq3
1049 4111 1100 4184 Ρ,
1138 4113 1169 4166 10
1188 4110 1388 4166 redemtorisP

248 4201 279 4252 14
298 4198 494 4250 nee-sentire
516 4197 579 4250 add.
599 4197 639 4250 Ρ2
662 4199 692 4251 ia
711 4201 764 4265 rinc
781 4199 902 4266 popinae
919 4198 1040 4262 (sentiret
1059 4199 1111 4264 1²²)
1183 4201 1214 4253 15
1238 4199 1349 4266 gemina
1373 4218 1387 4254 r·

247 4289 279 4340 16
298 4285 408 4354 suscipit
426 4292 449 4340 et
468 4285 553 4338 uincit
572 4285 598 4339 P
661 4287 694 4339 20
712 4285 833 4353 paenitus
853 4285 879 4337 P
929 4287 962 4340 23
983 4284 1155 4353 optinendam
1174 4286 1202 4339 P
1253 4288 1286 4340 24
1306 4285 1386 4342 hice

246 4375 279 4430 25
293 4390 359 4428 aaut
373 4371 483 4426 inlibato
501 4372 691 4428 scribendum?
752 4373 786 4426 28
803 4371 889 4440 prima
902 4389 978 4428 cmm
