2954 4930
270 429 332 494 318
675 427 740 482 ΙΙῘῘ.
760 429 868 482 Sermo
886 429 997 484 23-24.

269 607 390 670 solatio.
430 606 551 670 cruenti
574 605 698 688 quidem
722 608 780 685 est,
808 605 891 687 quod
913 605 1045 686 frendet,
1069 605 1124 670 sed
1146 605 1231 686 uicti,
1255 603 1336 685 qnod
1358 607 1394 666 ta·

269 710 383 774 beseet.
422 713 455 774 et
476 711 558 774 inter
581 711 658 774 haee
680 713 799 792 quanta
821 709 884 774 sint
905 709 968 790 illa,
997 728 1077 791 quae
1100 728 1118 774 a
1141 709 1198 772 deo
1220 711 1393 791 praeparata

269 817 343 878 sunt
365 814 494 894 homini,
517 813 597 878 liuor
619 813 722 895 prodit
744 813 871 877 inimici.

311 917 397 982 Haec
420 917 535 1000 itaque,
558 917 721 997 carissimi,
744 919 917 1001 cogitantes
934 921 965 982 et
980 918 1012 981 in
1028 917 1087 982 hoc
1102 935 1202 1001 agone
1218 915 1391 982 desudantes

231 1049 243 1088 s
268 1022 393 1106 gloriosi
416 1039 452 1085 ac
474 1021 625 1104 praeclari
644 1022 741 1104 patris
757 1024 857 1086 nostri
871 1039 928 1086 nos
944 1026 976 1086 et
988 1021 1154 1104 discipulos
1170 1021 1391 1086 meminerimus

268 1145 336 1190 esse
352 1130 383 1190 et
399 1123 488 1190 lilios.
527 1127 685 1208 rapiamus
701 1126 926 1208 unusquisque,
949 1126 1032 1208 quod
1053 1143 1231 1208 possumus
1255 1126 1292 1189 de
1313 1123 1390 1189 bonis

266 1230 407 1294 intestati
422 1231 569 1313 parentis.
608 1231 658 1294 hic
678 1229 716 1293 de
739 1229 911 1294 hereditate
934 1234 1075 1294 assumat
1096 1229 1169 1294 fidei
1187 1230 1390 1306 holosericam,

266 1338 428 1418 gestorum
450 1333 638 1399 uarietatem
669 1335 851 1418 pretiosam,
881 1335 932 1399 hic
955 1335 1203 1399 mansuetudinis
1227 1353 1263 1398 ac
1286 1332 1390 1416 simpli·

266 1438 369 1502 citatis
392 1443 523 1522 occupet
546 1440 711 1519 talentum,
741 1439 794 1503 ille
817 1439 911 1502 decus
942 1439 1075 1522 pectoris
1104 1439 1338 1504 beneuolentiae
1361 1453 1388 1499 ac

215 1567 240 1608 ro
266 1543 437 1625 sapientiae
460 1543 575 1607 monile
598 1543 658 1608 sibi
681 1543 828 1624 uindicet,
852 1543 903 1606 hic
927 1543 1130 1626 margaritam
1154 1541 1388 1626 compunctionis

266 1651 297 1710 et
317 1647 499 1712 thesaurum
520 1648 671 1712 eastitatis
692 1647 829 1713 inuadat.
868 1647 941 1711 licet
961 1647 1045 1711 enim
1066 1647 1118 1711 ille
1138 1646 1388 1728 locupletissimus

265 1751 315 1814 dei
337 1751 466 1832 amicus,
490 1751 637 1833 quidquid
660 1750 780 1831 habuit,
803 1752 961 1834 integrum
983 1769 1091 1814 secum
1116 1751 1231 1830 tulerit,
1259 1753 1289 1814 et
1311 1747 1387 1813 nobis

265 1861 381 1936 tamen,
413 1857 439 1920 si
471 1857 627 1936 uolumus
661 1860 763 1920 totum
794 1857 929 1938 reliquit.
971 1859 1016 1920 ita
1049 1875 1122 1939 ergo
1156 1873 1287 1939 agamus
1318 1854 1387 1916 bons

265 1959 348 2023 illius
377 1965 544 2040 sectantes,
571 1964 617 2038 ut,
646 1960 698 2042 qui
725 1960 758 2023 in
782 1964 941 2024 aeternam
963 1960 1097 2042 gloriam
1119 1959 1316 2024 suscitandus
1338 1955 1386 2021 snb

214 2089 237 2128 m
264 2064 325 2126 line
350 2065 544 2128 saeculorum
567 2064 723 2144 reddetur,
754 2083 836 2128 nunc
860 2064 1009 2128 ecclesiae
1031 2083 1088 2146 per
1109 2064 1252 2128 rediuiua
1273 2063 1304 2126 in
1325 2059 1387 2124 filiis

264 2169 377 2232 merita
399 2167 463 2232 iam
485 2173 637 2252 resurgat.

762 2395 896 2458 XXIIII.

687 2555 730 2594 sn
754 2555 918 2596 uonscnos
942 2531 996 2596 rr.¹

306 2687 394 2768 Quod
421 2689 587 2772 supplente
615 2692 647 2752 et
674 2690 809 2770 quodam
832 2689 923 2754 modo
947 2707 1018 2752 oum
1041 2689 1169 2754 caritate
1192 2689 1315 2752 iubente
1336 2686 1386 2748 deo

211 2820 236 2857 eo
263 2796 295 2856 et
317 2797 423 2856 uestra
445 2793 641 2856 fraternitate
668 2793 928 2875 qualemcumque
956 2811 1134 2858 sermonem
1156 2794 1286 2876 profero,
1314 2789 1386 2854 facio

262 2897 320 2960 hoc
342 2915 404 2961 non
428 2915 463 2959 er
487 2897 593 2979 aliqua
614 2898 877 2979 praesumptione,
901 2897 955 2960 sed
978 2915 1014 2960 er
1033 2915 1110 2962 uera
1129 2902 1159 2962 et
1179 2898 1297 2979 integra
1315 2893 1385 2957 cari·

261 3004 335 3064 tate.
375 3005 406 3063 et
434 3002 508 3064 licet
533 3005 598 3064 tam
626 3002 756 3083 perfecti
779 3001 836 3064 deo
858 3002 991 3083 propitio
1019 3002 1097 3081 sitis,
1127 3005 1163 3065 ut
1190 2999 1386 3066 admonitione

261 3108 369 3168 nostra
391 3105 519 3167 minime
543 3106 671 3188 egeatis,
700 3109 805 3169 tamen
828 3107 1002 3186 imperante
1024 3106 1166 3186 caritate,
1196 3123 1274 3188 quae
1295 3101 1386 3168 nescit

261 3208 382 3287 timere,
406 3209 501 3272 etiam
526 3209 606 3290 quod
630 3210 748 3290 optime
771 3211 899 3292 implere
923 3227 979 3274 uos
1002 3211 1159 3290 nouimus,
1184 3227 1344 3294 suggerere
1359 3209 1386 3267 et

209 3337 234 3376 aa
261 3311 428 3375 admonere
456 3331 528 3375 cnm
555 3331 629 3376 uera
656 3313 833 3376 humilitate
861 3316 893 3377 et
914 3315 1053 3396 perfecta
1075 3315 1203 3378 caritate
1225 3309 1385 3396 praesumi·

261 3433 342 3496 mus,
374 3435 435 3480 non
465 3421 571 3480 tamen
601 3417 668 3480 sine
699 3418 895 3497 uerecundia,
926 3437 998 3482 curn
1026 3437 1082 3484 nos
1110 3419 1244 3482 necdum
1270 3417 1385 3481 idoneos

305 3587 408 3654 lqnod
427 3605 507 3644 cmc
559 3587 676 3642 tabescet
693 3591 800 3660 scripsi,
818 3589 931 3644 tabescit
949 3592 1013 3646 istri
1066 3589 1166 3646 cnseo
1184 3609 1262 3646 cmc
1310 3587 1385 3643 3ho-

260 3674 338 3742 mini]
358 3679 389 3727 ut
406 3676 445 3740 (et
463 3677 513 3742 13²)
531 3677 593 3730 cdd.
608 3677 642 3740 Β,
661 3675 743 3729 etiarn
762 3677 867 3730 cdd.A
936 3677 1013 3746 5ac]
1035 3681 1062 3730 et
1079 3697 1096 3732 o
1164 3679 1247 3732 uerba
1268 3673 1385 3745 praeclari

259 3761 343 3830 patris
364 3779 448 3831 uepres
469 3764 508 3817 cd
528 3765 607 3831 {luem
630 3767 664 3832 cs.
683 3781 743 3820 arm
766 3763 863 3819 Eruet
885 3765 954 3820 hom.
976 3767 1011 3818 34
1033 3771 1150 3820 scirem
1168 3773 1250 3836 parte
1269 3759 1385 3832 (BPML

265 3849 307 3903 VI
321 3851 425 3916 6561))
495 3852 510 3904 7
529 3849 684 3904 olosericam
706 3851 735 3918 0,
753 3849 903 3904 closis-icam
922 3853 977 3906 AB
1047 3855 1063 3908 8
1086 3852 1312 3906 mansuetudinem
1335 3847 1386 3902 AB

260 3939 293 3990 10
310 3935 434 3989 uendicet
452 3937 534 3992 ABG
584 3937 789 4005 margaritarum
802 3940 829 3993 A
884 3941 917 3994 12
934 3937 1096 3994 habueritA
1152 3943 1183 3996 15
1201 3943 1230 3993 ct
1245 3945 1304 3994 cute
1320 3949 1386 3989 nuuc

258 4023 323 4077 cdd.
336 4025 364 4078 A
428 4022 553 4077 ecclesiae
571 4040 618 4093 per
637 4043 687 4080 om.
701 4025 729 4078 Β
792 4041 839 4094 per
857 4025 989 4095 rediuiua]
1008 4025 1081 4095 prole
1100 4025 1193 4080 diuins
1213 4027 1251 4082 Go
1315 4021 1386 4088 fidis]

259 4125 306 4178 per
322 4111 386 4166 cdd.
404 4111 441 4167 Oc
495 4114 526 4166 18
545 4118 630 4166 cuntot
647 4113 691 4167 hic
708 4129 793 4167 amco
811 4115 842 4167 irs
860 4115 946 4168 onom
962 4114 1100 4168 codicibus
1112 4115 1261 4180 Pces’sinis,
1277 4113 1321 4182 ossi
1336 4125 1385 4165 scr*

258 4215 362 4253 monem
380 4197 575 4253 concedentem
592 4200 743 4264 cordiam,-
760 4199 825 4252 item
844 4199 912 4253 alius
930 4215 1016 4253 sermo
1034 4199 1151 4254 eiusdem
1171 4199 1215 4254 III
1227 4204 1254 4255 A
1271 4199 1326 4267 (soi.
1338 4197 1386 4260 θ’).

258 4283 322 4337 item
341 4283 409 4338 alius
427 4301 513 4338 sermo
532 4285 559 4338 B
577 4287 634 4353 (fol.
647 4287 701 4352 6¹),
718 4285 783 4338 item
802 4301 888 4338 sermo
911 4287 1008 4356 (lact.
1020 4289 1082 4352 32¹)
1150 4289 1184 4342 21
1209 4287 1317 4340 ueritate
1335 4283 1387 4337 AB

258 4371 291 4423 24
311 4385 358 4422 uos
376 4388 427 4424 om.
441 4373 508 4424 AB¹
