2920 4930
539 401 669 458 Liberi
690 406 728 458 ιι.
1164 404 1205 468 39

77 581 172 644 uetus
197 579 437 660 fermentum,
460 582 502 644 ut
524 579 609 644 sitis
632 597 728 644 noua
750 579 979 662 conspersio,
1008 583 1039 644 et
1062 579 1205 662 quotiens

77 684 156 749 homo
179 685 220 748 ad
243 684 373 748 meliora
395 684 600 750 deterioribus
622 685 792 768 repudiatis
814 684 917 768 gratia
934 685 1062 748 iuuante
1078 703 1206 750 conuer-

77 789 150 869 titur,
175 789 291 854 totiens
314 789 353 853 de
369 807 443 854 uase
459 789 667 854 contumeliae
682 807 739 853 uas
755 789 879 854 honoris
896 787 1038 853 efficitur.
1076 792 1113 854 ut
1132 809 1205 854 uero

77 893 217 958 debonis
242 895 315 960 mali
347 892 530 975 efficiantur,
562 893 620 958 hoc
650 894 773 958 facilius
804 895 835 958 in
866 913 899 958 se
930 894 1039 977 recipit
1068 894 1207 960 humana

76 997 229 1082 fragilitas,
254 1003 288 1062 ut
303 998 340 1062 de
356 1017 431 1064 uase
447 999 572 1064 honoris
592 999 625 1063 in
645 1017 702 1062 uas
723 999 930 1063 contumeliae
952 1002 1101 1080 transeat,
1125 999 1205 1064 siout
1230 1027 1243 1066 s

76 1101 199 1185 legimus
221 1103 253 1167 in
269 1101 415 1167 Abacuc:
440 1105 477 1167 et
499 1121 605 1167 escae
629 1104 707 1167 eius
731 1104 889 1184 electae,
913 1102 1086 1185 dequibus
1110 1105 1204 1168 etiam

76 1207 191 1272 dicitur:
207 1226 335 1272 aurum
351 1211 391 1271 ut
405 1209 533 1290 paleas
549 1207 753 1290 reputabit,
770 1207 947 1272 Hieremias
963 1225 1098 1290 quoque:
1122 1227 1205 1290 quo-

76 1312 169 1377 modo
192 1312 433 1376 obscuratum
456 1315 513 1376 est
536 1331 679 1392 aurum,
708 1315 874 1376 mutatus
903 1315 960 1376 est
987 1313 1087 1377 color
1113 1314 1205 1396 opti-

76 1421 168 1480 mus?
196 1417 279 1481 sicut
295 1421 325 1480 et
341 1417 501 1500 apostolus
518 1417 607 1480 dicit:
632 1417 761 1482 tollam
783 1434 867 1500 ergo
884 1417 1048 1481 membra
1064 1415 1205 1482 Christi

76 1521 257 1586 etfaciam
281 1521 446 1586 membra
467 1521 703 1586 meretricis?
729 1532 732 1538 '
1232 1547 1257 1586 ro

111 1625 215 1708 ltaque
239 1626 407 1691 manifesta
429 1627 585 1692 sententia
606 1629 655 1690 est
670 1626 706 1689 de
724 1625 840 1691 Christi
855 1644 981 1709 corpore
998 1645 1089 1710 posse
1104 1627 1205 1691 homi·

76 1749 139 1794 nem
161 1731 191 1794 in
214 1735 336 1813 partem
352 1730 466 1795 diaboli
480 1750 536 1813 per
551 1731 675 1813 culpam
691 1732 846 1813 propriam
861 1731 1055 1810 commutari,
1079 1731 1159 1794 sieut
1174 1735 1204 1795 et

75 1835 127 1898 alio
147 1835 211 1900 loco
234 1835 464 1900 absolutissime
488 1835 577 1900 docet
597 1836 635 1900 de
651 1836 766 1918 optimo
788 1835 959 1917 pessimum
982 1834 1048 1898 fieri
1072 1837 1103 1898 et
1125 1839 1205 1898 tem-

73 1939 150 2018 plmn
172 1941 220 2003 dei
243 1959 335 2022 posse
359 1941 467 2004 uiolari
490 1941 533 2004 ita
556 1940 702 2004 dicendo:
731 1958 796 2003 uos
825 1939 915 2003 estis
943 1941 1122 2021 templum
1147 1941 1203 2002 dei
1311 1977 1317 1999 .

75 2051 104 2104 ot
125 2045 278 2126 spiritus
294 2045 350 2108 dei
371 2043 573 2109 habitatin
594 2044 709 2109 uobis.
742 2045 772 2106 si
788 2044 1008 2126 quisautem
1025 2044 1203 2125 templum
1231 2067 1256 2108 ie

75 2147 124 2210 dei
146 2149 358 2228 uiolauerit,
382 2149 574 2230 disperdet
596 2149 701 2212 illum
726 2149 823 2212 dens.
864 2166 934 2212 ecoe
962 2148 1025 2211 iam
1052 2147 1204 2230 templum

75 2251 204 2316 delesse
227 2253 404 2333 dinoscitur,
429 2254 491 2318 iam
516 2271 534 2318 a
556 2257 663 2318 sancto
687 2253 797 2335 spiritu
819 2253 1005 2335 possidetur,
1029 2255 1060 2316 et
1081 2270 1136 2334 per
1159 2251 1205 2314 in·

74 2357 181 2422 ruriam
204 2358 314 2424 uiolari
337 2361 429 2440 atque
452 2359 607 2440 corrumpi
635 2361 666 2421 et
693 2357 732 2420 ab
759 2357 886 2440 indigno
913 2356 1035 2438 hospite
1062 2355 1204 2438 occupari

74 2479 156 2540 posse
178 2466 378 2542 memoratur,
402 2463 482 2526 sicut
505 2466 537 2526 et
558 2461 709 2545 propheta
728 2461 867 2544 increpat
883 2461 1019 2524 animam
1043 2461 1091 2524 dei
1106 2460 1206 2544 gratia

75 2569 175 2646 sponte
199 2571 398 2632 euacuatam:
424 2585 490 2651 ego
513 2567 682 2648 plantaui
702 2565 849 2629 uincam
866 2565 1038 2645 electam,
1062 2582 1203 2628 omnem
1232 2591 1257 2630 eo

75 2688 198 2736 ueram.
238 2673 418 2755 quomodo
449 2689 631 2736 conuersa
660 2690 697 2735 es
728 2671 763 2734 in
794 2669 1085 2734 amaritudinem
1115 2669 1204 2732 uitis

75 2774 233 2842 alienae?
272 2795 343 2841 ecoe
365 2777 490 2840 niueam
518 2793 537 2840 a
563 2775 620 2840 deo
647 2775 743 2839 nobili
769 2774 871 2840 radice
893 2774 1080 2856 plantatam,
1104 2772 1205 2837 studio

75 2880 191 2944 cultoris
213 2881 356 2961 electam,
379 2881 502 2964 proprio
525 2879 660 2944 ostendit
682 2879 810 2942 crimine
834 2879 1047 2960 deprauatam.
1086 2881 1117 2940 et
1138 2877 1205 2940 ideo

75 2982 107 3046 de
122 3002 157 3048 ea
170 2986 202 3049 in
218 2985 329 3050 Esaiae
345 2985 464 3050 cantico
479 2985 628 3067 loquitur:
650 2983 858 3066 expectaui,
874 2986 914 3046 ut
929 2983 1072 3046 iaceret
1086 2999 1205 3062 uuam,

74 3087 156 3153 iecit
178 3094 301 3155 antem
324 3090 463 3172 spinas
495 3089 666 3172 expectatio
685 3088 874 3170 increpantis
895 3087 1048 3171 agricolae
1071 3086 1206 3150 ostendit
1232 3111 1257 3152 rs

75 3191 147 3258 hano
167 3196 292 3260 uincam
316 3195 388 3258 dare
413 3195 531 3258 fructus
558 3193 697 3274 potuisse
723 3193 869 3256 iustitiae.
908 3195 939 3255 ct
969 3209 1041 3255 oum
1069 3193 1204 3254 stantem

74 3297 174 3364 radere
196 3303 330 3364 testetur
344 3315 445 3381 posse,
469 3317 540 3362 oum
557 3297 647 3362 dicit:
672 3301 708 3361 et
731 3297 792 3378 qui
815 3315 852 3360 se
877 3295 1067 3360 existimat
1089 3299 1204 3375 stare,

74 3403 189 3468 uideat
211 3423 255 3468 ne
279 3403 401 3483 cadat,
425 3423 440 3466 e
479 3402 671 3466 econtrario
694 3401 907 3465 adiacentem
929 3399 1081 3482 loquitur:
1105 3417 1204 3463 num-

73 3507 152 3586 quid
167 3509 225 3590 qui
248 3507 350 3572 cadit
370 3525 440 3572 non
459 3507 644 3590 resurgit?
675 3510 808 3588 potens
829 3509 885 3570 est
905 3505 1001 3568 enim
1022 3504 1110 3568 deus
1133 3507 1205 3568 sta·

169 3721 196 3792 8]
214 3721 322 3788 Hab.l,
338 3723 377 3778 16.
449 3721 477 3792 7]
495 3719 598 3786 Iohel,
613 3723 653 3778 18.
727 3720 899 3784 Thren.t,l.
969 3717 1149 3789 9]1cor.6‚
1164 3721 1204 3774 15.

77 3807 116 3876 ll]
135 3813 147 3864 l
166 3809 260 3876 Οοι,3,
276 3813 316 3867 16.
373 3809 419 3879 20]
438 3809 531 3863 larem.
545 3811 570 3875 2,
583 3811 624 3865 21.
678 3807 724 3878 24]
743 3807 888 3872 acatal.
941 3806 987 3876 27]
1008 3805 1204 3872 icor.1o‚12.

75 3893 116 3963 28]
134 3895 222 3953 lenem.
236 3901 261 3962 8,
275 3899 304 3960 4;
323 3895 399 3952 uem.
414 3899 454 3962 14,
467 3898 491 3951 4.

117 4098 296 4168 lconrpersio
315 4097 343 4152 P
402 4095 571 4166 trecopitc
630 4097 662 4151 12
681 4093 782 4148 diabnli
801 4095 828 4148 P
881 4095 913 4150 15
931 4095 1062 4148 atoma
1116 4093 1147 4145 17
1166 4089 1203 4158 et]

75 4189 157 4238 nmen
181 4187 281 4242 oddo
353 4187 385 4242 18
412 4183 513 4252 adquae
536 4183 564 4237 P
631 4184 666 4237 20
694 4183 849 4236 euacuatnm
876 4181 982 4250 scripsi,
1010 4179 1151 4232 uacuatam
1180 4178 1207 4231 P

75 4261 242 4344 plantaniste
260 4273 355 4328 aaa
407 4285 731 4326 omnesemenuerumv
784 4271 817 4324 22
836 4269 885 4321 deo
904 4284 953 4322 ac
1005 4269 1039 4324 23
1052 4263 1207 4320 electumP

76 4353 240 4427 depretiatam
259 4361 288 4417 P
338 4361 372 4416 al
390 4358 483 4430 unam]
502 4358 644 4416 uineamo
700 4359 734 4414 25
752 4355 931 4428 agriculaeP
