2920 4930
256 409 317 473 106
634 413 668 466 11.
688 414 732 467 Do
751 413 871 482 spiritu
890 417 1004 467 saneto

254 587 322 666 fuit,
354 607 410 651 neo
441 590 480 652 ab
511 590 703 672 augeamus,
734 591 788 654 sed
811 593 942 655 oreatus.
989 593 1156 674 eonaeptns
1180 593 1228 654 est
1250 591 1379 672 potentia

253 709 314 756 non
330 691 513 772 substantia,
530 695 706 776 operatione
722 712 782 758 non
798 695 1043 778 participatione,
1059 696 1173 760 uirtute
1186 713 1248 760 non
1260 713 1373 780 genere.

784 921 858 987 ΙΠΙ.

381 1085 423 1124 Du
447 1085 585 1126 UNITATB
608 1085 804 1128 nnsnruonus
827 1087 1017 1129 ADSERENDA
1040 1085 1255 1130 PROPfln‘rlcrs.

213 1246 225 1285 ⁵
294 1221 453 1287 Catholiaa
476 1221 552 1287 fides
575 1225 773 1308 trigeminam
797 1226 993 1290 maiestatem
1017 1226 1074 1290 snb
1099 1227 1191 1290 unius
1215 1225 1375 1290 diuinitatis

251 1327 444 1392 confessione
475 1334 641 1394 ueneratur
673 1331 817 1413 [aoeipite
848 1349 943 1396 unam
977 1351 1013 1395 er
1047 1332 1142 1396 saeris
1173 1331 1375 1397 uoluminibus

251 1433 478 1516 diuinitatem]:
495 1436 594 1514 andi,
611 1435 738 1499 Israel.
775 1436 942 1500 dominus
959 1437 1048 1501 deus
1070 1441 1156 1501 tuns
1179 1438 1266 1501 deus
1290 1455 1376 1500 nnus

251 1541 321 1618 est,
350 1541 393 1601 et:
418 1539 604 1604 dominum
629 1541 734 1604 deum
757 1545 859 1605 tunm
882 1542 1054 1606 adorabis
1079 1545 1114 1606 et
1135 1541 1194 1605 illi
1219 1542 1287 1606 soli
1311 1559 1376 1604 ser-

249 1644 342 1724 uies,
360 1645 533 1709 etiterum:
558 1665 622 1728 ego
638 1665 716 1710 sum
732 1646 900 1710 dominus
917 1649 952 1710 et
971 1665 1041 1710 non
1057 1651 1113 1710 est
1129 1646 1217 1710 dens
1236 1651 1376 1728 praeter

199 1771 224 1810 ro
249 1767 317 1828 me,
335 1749 409 1812 etin
422 1751 564 1832 psalmis:
583 1751 723 1814 faciens
736 1750 936 1831 mirabilia,
952 1755 1040 1814 tues
1053 1752 1142 1816 deus
1158 1752 1269 1832 solus,
1292 1753 1375 1814 item:

249 1857 286 1916 tu
317 1855 419 1918 solus
451 1855 657 1918 altissimus
681 1856 716 1919 in
740 1856 837 1919 omni
861 1859 971 1919 terra.
1017 1875 1072 1938 per
1094 1856 1220 1920 Esaiam
1245 1873 1374 1937 quoque:

249 1959 337 2022 deus
360 1958 494 2039 Israel,
518 1959 578 2042 qui
602 1960 707 2024 sedes
731 1979 840 2042 super
863 1957 1068 2040 Cherubin,
1094 1963 1133 2024 tn
1157 1980 1193 2024 es
1217 1962 1305 2024 deus
1328 1977 1376 2022 so·

247 2064 304 2127 lus
321 2065 481 2128 omnium
496 2082 692 2147 regnorum
705 2069 840 2144 terrae,
857 2065 946 2129 item:
964 2084 1029 2148 ego
1042 2064 1226 2146 dominns,
1240 2067 1375 2148 primus

248 2172 283 2232 et
313 2169 541 2234 nouissimus
572 2188 637 2252 ego
668 2189 762 2250 sum,
797 2171 885 2234 item:
920 2189 985 2254 ego
1016 2170 1200 2250 dominns,
1229 2171 1297 2234 hoo
1327 2171 1377 2232 est

197 2295 221 2334 1⁵
247 2291 527 2337 nomenmeum.
561 2275 718 2356 gloriam
741 2293 856 2338 meam
880 2275 992 2338 alteri
1015 2293 1085 2339 non
1110 2274 1211 2338 daho.
1251 2279 1286 2338 nt
1308 2289 1376 2337 uero

247 2378 305 2441 hoe
327 2378 544 2442 testimonium
568 2379 605 2442 ad
631 2377 790 2442 Christum
813 2380 936 2443 noueris
959 2380 1125 2461 pertinere,
1149 2379 1179 2442 id
1196 2383 1244 2443 ost
1258 2379 1373 2460 primus

247 2487 278 2546 et
301 2483 500 2562 nouissimus,
524 2483 561 2547 de
586 2503 618 2547 se
642 2485 701 2548 alio
724 2485 791 2547 loeo
815 2484 904 2548 dixit:
937 2503 1001 2567 ego
1032 2503 1112 2548 sum
1142 2483 1375 2566 principium,

247 2587 341 2669 quod
365 2591 400 2651 et
426 2589 556 2669 loquor
586 2588 708 2669 nobie,
738 2590 828 2652 item:
857 2593 942 2653 ante
966 2607 1020 2652 me
1044 2607 1115 2652 non
1138 2588 1211 2652 suit
1234 2589 1321 2652 deus
1344 2592 1376 2650 et

246 2695 329 2774 post
352 2711 406 2756 me
431 2711 500 2756 non
524 2693 602 2756 erit.
639 2711 704 2776 ego
728 2711 806 2756 snm
830 2693 998 2757 dominus
1022 2697 1058 2757 et
1081 2712 1151 2757 non
1169 2697 1225 2756 est
1241 2693 1375 2773 absque

194 2819 220 2857 ro
246 2815 300 2860 me
328 2797 507 2876 saluatur,
539 2797 619 2878 quod
648 2798 821 2880 specialiter
848 2799 984 2880 pertinet
1007 2798 1045 2862 ad
1069 2797 1230 2862 Christum
1252 2795 1376 2861 humani

244 2902 367 2984 generis
391 2903 590 2983 saluatorem,
618 2903 708 2966 item:
736 2903 826 2967 haee
853 2903 946 2966 dieit
973 2903 1143 2966 dominns
1169 2903 1376 2985 redemptor

245 3011 330 3069 tuns
347 3009 382 3069 et
397 3007 576 3070 formator
589 3009 674 3070 tuus
692 3027 732 3070 er
748 3010 867 3070 utero:
884 3025 949 3089 ego
963 3025 1041 3070 sum
1054 3006 1376 3071 dominusineiens

244 3113 381 3190 omnia,
412 3112 615 3174 extendens
647 3112 785 3190 caelos
817 3111 917 3174 solus
949 3111 1149 3176 stabiliens
1180 3115 1317 3175 terram
1345 3111 1375 3170 et

244 3215 372 3279 nullus
404 3233 555 3279 meeum.
602 3217 684 3298 qnod
714 3217 753 3279 ad
776 3216 881 3279 Iesum
912 3216 1063 3280 faetorem
1095 3234 1131 3280 ao
1153 3217 1375 3298 redemptorem

192 3345 216 3382 rr
243 3319 364 3402 proprie
386 3321 520 3402 respicit,
545 3321 581 3383 de
606 3339 665 3402 quo
689 3321 885 3403 euangelista
907 3325 1145 3385 commemorat:
1172 3322 1295 3385 omnia
1316 3337 1376 3402 per

243 3423 362 3505 ipsum
393 3425 494 3488 faeta
522 3428 610 3488 sunt
637 3429 672 3488 et
695 3426 773 3488 sine
797 3426 877 3507 ipso
900 3425 1042 3488 faoturn
1070 3429 1126 3490 est
1153 3425 1262 3505 nihil,
1289 3425 1375 3488 item:

346 3649 373 3718 7]
392 3649 470 3702 Dent.
485 3653 509 3709 (t,
521 3652 546 3705 4.
588 3649 615 3718 8]
635 3650 807 3712 21112213.
849 3649 874 3717 2]
894 3649 972 3702 Dent.
986 3652 1028 3712 32,
1042 3652 1082 3704 32.
1125 3649 1168 3718 10]
1189 3649 1375 3710 Ρ1111111.85,2.

243 3737 512 3804 imperiosam.
569 3737 612 3804 12]
632 3737 756 3798 Esaias,
772 3739 811 3790 16.
868 3737 911 3804 13]
931 3735 1001 3789 Esai.
1015 3739 1056 3796 41,
1071 3739 1093 3790 4.
1153 3737 1197 3804 14]
1217 3737 1285 3789 Esai.
1299 3737 1375 3798 422.

243 3823 286 3890 17]
305 3823 396 3877 Ioann.
411 3827 434 3884 8,
449 3826 489 3878 25.
545 3823 589 3892 18]
609 3823 788 3884 Esari.43,10.
843 3823 888 3891 21]
909 3823 1086 3888 Emi—ihm.
1145 3823 1191 3892 25]
1212 3823 1302 3877 Ioann.
1318 3825 1339 3882 l,
1353 3823 1377 3874 3.

283 4031 300 4084 t
323 4030 463 4083 asserenda
488 4032 514 4084 P
582 4033 597 4084 6
622 4029 939 4097 accipite—diuinitatem
958 4049 1008 4086 om.
1027 4031 1057 4093 V,
1080 4049 1162 4100 parare
1184 4033 1262 4087 reneis
1280 4029 1377 4084 itacismi

241 4117 372 4172 7israhel
395 4118 421 4170 V
500 4119 561 4170 het
580 4117 755 4169 iterum-me
774 4120 801 4170 et
819 4135 905 4172 orme
987 4117 1036 4171 diss
1053 4118 1083 4184 V,
1103 4116 1167 4170 daus
1187 4119 1214 4171 P
1293 4115 1326 4170 ds
1348 4115 1377 4178 V,

241 4204 308 4258 arus
327 4205 354 4258 r>
414 4207 444 4259 11
465 4203 557 4256 aaran
577 4205 603 4257 r>
664 4205 696 4258 ra
714 4203 811 4256 osana
829 4205 854 4257 ν
905 4203 978 4256 seret
997 4191 1022 4258 v'
1065 4203 1201 4258 curruum
1221 4205 1248 4258 P
1300 4206 1332 4259 ro
1351 4201 1375 4254 11

241 4289 292 4357 est]
311 4289 382 4342 idem
397 4289 423 4342 P
475 4292 507 4345 18
526 4288 612 4356 quiP
664 4291 697 4342 24
716 4289 817 4356 Iesum]
836 4287 951 4356 pertinet
969 4293 995 4341 et
1013 4289 1076 4343 add.
1091 4289 1118 4341 P
1169 4291 1202 4343 25
1220 4287 1380 4358 propriaeV

240 4373 420 4442 euuangeliata
439 4375 466 4428 P
517 4377 550 4430 26
569 4375 651 4428 niohii
671 4375 697 4428 P
