2920 4930
526 409 624 466 Liber
641 411 669 465 ll
687 413 763 468 4-5.
1169 413 1208 477 67

81 585 209 667 aduerte,
226 587 300 668 quia
314 587 526 651 non-excludit
542 587 642 670 operis
663 587 813 667 studium,
834 587 888 650 sed
908 587 1064 670 operantis
1083 588 1211 669 requirit

80 689 272 773 obsequium,
302 709 360 754 nec
387 690 527 756 laborem
558 692 718 756 seruitutis
747 695 884 772 recusat,
916 691 970 756 sed
999 691 1210 758 humilitatem

81 795 185 859 mentis
206 795 354 859 insinuat.
394 795 507 860 uitium
528 813 611 879 orgo,
635 795 716 878 quod
737 789 877 860 labolom
893 795 1113 877 inperitissime
1128 796 1178 860 ref
1198 831 1211 844 -

79 898 222 980 giendum
251 902 359 981 putas,
388 917 452 963 non
482 900 514 964 in
547 917 653 982 opere,
684 900 798 964 sedin
825 899 916 964 corde
943 899 1093 964 consistit.
1138 900 1211 964 totis

80 1021 144 1086 ergo
165 1003 289 1068 uiribus
312 1003 474 1084 laborabo,
504 1005 557 1068 scd
581 1005 730 1086 quidquid
753 1006 792 1068 de
819 1022 955 1086 superna
976 1005 1120 1088 largitate
1142 1023 1211 1087 per·
1236 1029 1250 1072 s

80 1125 194 1189 cepero,
223 1108 357 1192 gratiae,
384 1127 446 1174 non
474 1109 644 1173 industriae
672 1109 842 1192 deputabo,
870 1108 1056 1174 beneficium
1083 1109 1211 1190 uocabo,

79 1229 133 1276 uon
157 1213 312 1295 pretium,
339 1213 456 1276 donum
482 1213 620 1277 testabor
647 1232 731 1294 esse,
759 1232 819 1278 non
847 1213 1000 1294 debitum,
1031 1231 1212 1278 remunera-

79 1315 199 1397 tionem,
224 1335 286 1382 uon
309 1317 554 1382 retributionem.
597 1318 641 1381 ita
664 1335 735 1381 cum
761 1337 796 1380 er
820 1316 919 1382 ollioio
942 1317 1057 1398 ahquid
1079 1318 1211 1402 agimus,

79 1439 271 1503 nequaquam
294 1438 351 1485 nos
373 1421 516 1505 inputare
544 1423 600 1485 deo
627 1440 810 1504 possumus,
841 1421 914 1503 quia
941 1422 1103 1502 soluimus,
1130 1423 1212 1504 quod

80 1523 234 1590 debemus.
279 1528 314 1588 tu
335 1544 408 1590 uero
429 1525 552 1590 diuinae
576 1545 615 1590 ne
639 1525 780 1591 inuideas
802 1525 946 1606 bonitati,
970 1526 996 1590 si
1019 1543 1107 1608 opuS,
1130 1527 1213 1608 quod
1241 1551 1265 1590 ιο

80 1646 163 1694 ame
186 1630 243 1694 illa
265 1629 434 1695 adiuuante
457 1629 537 1694 benc
559 1635 685 1714 gestum
708 1635 770 1709 est,
798 1630 849 1694 uel
876 1631 970 1694 etiam
994 1635 1122 1712 accepta
1143 1649 1213 1712 per-

80 1731 213 1798 diderim.
258 1734 317 1798 hoc
347 1753 461 1818 genere
492 1752 550 1799 nec
572 1736 711 1800 conuerti
734 1753 786 1800 cos
808 1735 996 1816 permittunt
1018 1735 1102 1799 mala
1123 1753 1213 1817 prae·

79 1837 214 1902 cedentia
237 1856 296 1902 neo
321 1838 433 1902 sanari

626 2028 662 2092 V.

80 2169 195 2212 coma
220 2171 293 2229 HOC,
316 2171 402 2221 QUOD
426 2171 556 2214 DICUNT:
585 2171 646 2213 NON
673 2170 738 2212 'PAN
765 2171 880 2212 donoro
904 2172 991 2220 QUAM
1013 2172 1075 2214 NON
1099 2171 1213 2212 romulu*
1241 2175 1265 2214 15

80 2257 194 2301 SALUUB
209 2259 297 2318 ESSE,
318 2259 372 2308 0111
387 2260 502 2318 Panno,
523 2258 619 2302 luxus
635 2258 720 2308 QUOD
741 2257 891 2301 LEGIMUS:
913 2260 952 2300 ΕΤ
967 2258 1029 2300 NON
1049 2258 1214 2300 POTNRAN'I'

569 2345 724 2387 casnm.

119 2463 203 2528 luter
234 2463 313 2528 hacc
348 2481 420 2526 cum
450 2463 605 2528 Iohannes
641 2463 835 2546 euangelista
864 2467 1101 2528 commemoret:
1135 2481 1215 2545 pro·

80 2569 204 2648 pterea
224 2587 296 2632 non
316 2571 490 2651 poterant
509 2567 675 2648 credere,
699 2567 785 2650 quia
803 2568 941 2631 iterum
961 2568 1056 2631 dixit
1070 2567 1214 2632 Esaias:

81 2673 294 2736 excaecauit
321 2671 448 2736 oculos
476 2690 601 2736 eorum
630 2674 667 2735 et
689 2672 882 2735 indurauit
905 2690 1029 2736 eorum
1057 2690 1131 2752 cor,
1159 2672 1217 2736 hoc
1243 2699 1269 2736 eo

80 2773 143 2839 loco
165 2777 298 2841 elocutio
321 2777 467 2841 conclusa
489 2777 533 2840 sio
556 2781 695 2856 resonat,
723 2777 813 2858 quasi
841 2777 885 2838 eis
911 2795 972 2840 uon
997 2776 1140 2840 credendi
1164 2795 1217 2840 ne·

80 2880 206 2944 cessitas
223 2880 330 2962 inponi
351 2880 492 2944 uideatur
512 2881 628 2946 inuitis
664 2880 718 2944 scd
739 2899 775 2944 ex
796 2881 857 2944 illis
878 2898 1004 2944 causam
1026 2880 1076 2944 uel
1093 2880 1217 2962 culpam

80 2981 303 3050 incredulitatis
331 2989 469 3048 exortam
496 2986 528 3048 iu
556 2983 818 3066 consequentibns
846 2985 988 3048 lectionis
1016 2984 1089 3048 ordo
1117 2984 1217 3047 mani-

79 3086 170 3152 festat
191 3090 238 3153 ita
259 3089 380 3153 dicens:
404 3107 531 3154 uerum
559 3093 683 3154 tamen
711 3092 748 3153 et
775 3107 815 3152 ex
842 3087 1080 3171 principibus
1110 3088 1216 3152 multi

79 3191 317 3258 crediderunt
339 3193 375 3256 in
397 3212 492 3276 eum,
516 3192 985 3276 sedpropterPharisasos
1009 3210 1079 3256 non
1103 3193 1218 3256 confi·
1245 3221 1270 3258 es

80 3295 268 3378 lebantor,
298 3301 339 3360 ut
368 3298 410 3361 de
438 3315 628 3382 synagoga
651 3315 722 3362 non
746 3297 967 3362 eicerentur.
1007 3297 1218 3360 dilexerunt

80 3401 172 3465 enirn
194 3401 356 3486 gloriam
377 3401 568 3467 homiuum
591 3401 709 3484 magis
733 3419 839 3484 quam
866 3402 1023 3484 gloriam
1051 3401 1117 3465 dei.
1164 3401 1218 3464 ab·

81 3505 178 3570 solute
203 3507 255 3570 bic
278 3506 408 3587 indicat,
438 3507 520 3570 sicut
542 3509 574 3570 et
596 3507 634 3570 de
657 3505 783 3571 Simone
810 3506 959 3588 legimus,
988 3506 1083 3570 etiam
1110 3505 1219 3568 infide·

80 3607 160 3672 bbus
186 3612 250 3674 uim
274 3609 467 3674 credulitatis
494 3611 592 3674 luisse
622 3610 794 3690 conlatam,
824 3609 946 3691 quibus,
978 3611 1059 3674 sicut
1085 3610 1218 3674 facultas

81 3713 222 3780 credendi
245 3715 360 3796 adluit,
389 3715 434 3779 ita
455 3716 600 3780 uoluntas
629 3715 728 3778 defuit
750 3713 926 3779 confitendi.
973 3714 1054 3796 quod
1078 3714 1218 3794 credunt,
1245 3740 1272 3778 so
1364 3757 1366 3763 ι

183 3870 225 3940 18]
244 3869 337 3924 loaun.
358 3871 399 3935 12,
411 3872 453 3926 39.
507 3869 553 3938 24]
572 3869 663 3924 Ioann.
684 3871 724 3933 12,
737 3871 779 3926 42.

123 4009 228 4078 3quoo
273 4007 422 4064 blaboroo
457 4008 630 4078 peroipcroP
663 4007 894 4064 Soetribotiooem
907 4027 931 4076 o,
944 4007 1221 4061 remunerationemP

84 4097 113 4150 ll
134 4095 177 4150 illa
193 4099 302 4168 seipsi,
325 4095 371 4149 illo
389 4097 418 4151 P
477 4095 638 4166 perdiderim
657 4098 764 4166 scripsi,
782 4095 952 4166 perdiderant
970 4097 1004 4163 P,
1022 4093 1187 4164 perdiderint
1205 4113 1221 4149 o

86 4185 116 4236 ll
134 4187 245 4254 ospitati
262 4199 391 4238 asom
408 4201 493 4238 mooe
510 4185 608 4240 recenti
626 4185 747 4240 adiectus
769 4191 820 4238 cst:
841 4185 924 4238 aerbo
947 4187 1041 4236 contra
1062 4183 1152 4236 hoc-
1164 4200 1220 4235 cre·

84 4267 144 4322 dere
159 4273 207 4328 boc
224 4273 282 4328 loco
301 4271 398 4326 desum
416 4273 446 4326 io
464 4271 492 4324 P
544 4274 576 4328 18
595 4271 717 4325 iohannis
736 4271 763 4326 P
815 4274 848 4326 25
866 4270 1001 4340 phariseos
1019 4271 1047 4326 P
1096 4273 1131 4326 26
1149 4271 1219 4324 sina·

83 4369 152 4424 gogo
168 4358 194 4412 P
243 4360 276 4414 27
296 4355 433 4410 absolutae
453 4358 481 4412 P

1034 4445 1064 4498 δὴ
