2954 4930
533 425 599 484 1111.
619 429 728 484 Sermo
747 429 787 486 23.
1167 430 1228 496 317

135 604 256 689 ltaque,
279 607 402 687 fratres,
425 607 475 670 cni
498 607 582 671 mala
604 606 728 690 propria
750 624 812 671 non
833 605 1003 686 sufficiunt,
1027 605 1080 671 ille
1096 607 1141 671 sic
1155 607 1229 690 agit,

94 715 129 776 ut
156 713 305 776 iudicium
337 713 432 776 etiam
463 711 584 776 alienae
614 712 795 795 perditionis
826 712 971 776 incurrat.
1011 714 1087 777 certi
1121 713 1230 795 simne,

93 816 255 897 carissimi,
279 816 371 899 quod,
395 817 456 880 nisi
478 834 657 896 caueamus,
685 816 745 880 nisi
767 820 890 881 nostras
913 816 1023 881 cotidie
1053 835 1230 882 resecemus

94 923 123 983 et
142 921 402 984 circumcidamus
418 921 590 1002 passiones,
614 921 783 984 deteriores
805 921 939 984 multum
956 939 1012 985 nos
1029 921 1119 1002 effici,
1135 940 1229 1004 quam

93 1024 262 1105 fueramus,
285 1024 361 1088 dum
383 1025 415 1088 in
438 1025 497 1089 hoc
519 1025 643 1089 saeculo
666 1025 855 1105 diceremus,
878 1026 922 1090 ita
944 1028 980 1090 ut
998 1025 1077 1089 fiant
1092 1029 1230 1090 extrema
1269 1052 1283 1091 a

93 1133 199 1193 nostra
221 1129 328 1211 peiora
349 1129 513 1211 prioribus.
553 1128 743 1210 etquidem,
773 1129 936 1210 carissimi,
964 1129 1123 1210 quamdiu,
1151 1147 1229 1212 quae

92 1233 130 1296 ad
158 1233 313 1297 mundum
340 1233 508 1315 pertinent,
539 1233 601 1297 illis
629 1232 749 1297 actibus
778 1236 809 1298 et
836 1234 969 1316 negotiis
997 1251 1120 1298 eramus
1149 1235 1230 1298 mili-

92 1341 207 1418 tantes,
237 1339 269 1402 in
299 1337 412 1420 quibus
443 1355 526 1402 nunc
554 1337 778 1419 erubescimus,
811 1341 884 1402 tunc
914 1337 1003 1402 nobis
1033 1339 1230 1403 aduersarius

91 1461 150 1506 non
174 1442 331 1524 obstabat,
354 1443 452 1506 immo
468 1443 563 1506 etiam
579 1442 804 1522 consentiebat,
829 1443 909 1524 quia
922 1443 1003 1506 circa
1019 1443 1230 1508 miserabilem

92 1565 125 1610 ac
148 1547 304 1630 perditam
327 1547 426 1611 uitam
450 1551 592 1611 nostram
617 1565 677 1611 non
701 1547 891 1627 inueniebat,
922 1547 954 1611 in
984 1565 1045 1628 quo
1073 1552 1230 1612 exerceret
1257 1575 1283 1614 ro

91 1651 242 1715 inuidiam
271 1669 371 1716 suam.
410 1651 607 1715 delectabant
637 1651 725 1715 illum
757 1655 864 1716 nostra
894 1669 998 1734 opera,
1029 1652 1230 1716 sufficiebant

90 1756 133 1819 illi
163 1775 220 1838 per
250 1775 284 1819 se
314 1759 422 1820 nostra
453 1755 584 1820 crimina
617 1759 649 1818 et
681 1759 819 1837 peccata.
858 1756 927 1837 quis
962 1757 1045 1820 enim
1080 1757 1231 1840 suscipiat

92 1859 208 1924 bellum
239 1864 348 1924 contra
378 1860 512 1924 militem
543 1877 636 1923 suurn
667 1864 698 1923 et
729 1860 798 1942 quis
830 1861 907 1924 uelit
937 1860 1121 1942 impugnare
1156 1860 1230 1924 sub-

90 1964 205 2029 iectum
229 1967 342 2028 suurn?
380 1965 435 2028 sed
458 1983 551 2047 super
574 1981 700 2028 omnem
724 1964 938 2028 infelicitatem
962 1969 1028 2028 erat
1049 1965 1115 2028 uita
1136 1965 1229 2045 illius,

89 2069 137 2132 cui
162 2087 274 2132 nocere
298 2068 525 2152 dedignabatur
547 2069 703 2133 inimicus.
1257 2094 1281 2132 15

130 2172 177 2238 At
204 2191 278 2237 uero
307 2191 399 2252 nunc,
430 2177 594 2256 postquam
618 2173 833 2256 uoluptatibus
856 2173 941 2237 illius
969 2173 1229 2254 renuntiabimus

90 2277 166 2341 uidit
189 2278 324 2342 cultores
347 2295 420 2341 suos
443 2277 481 2341 ad
505 2279 616 2342 actoris
640 2277 763 2360 pristini
782 2277 910 2342 rediisse
931 2277 1127 2358 famulatum,
1151 2278 1228 2342 uidit

89 2382 118 2446 in
149 2381 243 2446 nobis
273 2382 407 2464 quodam
439 2383 530 2446 modo
560 2381 641 2446 idola
671 2400 728 2445 sua
750 2381 782 2445 in
806 2381 854 2444 dei
878 2382 1033 2464 templum
1057 2383 1170 2446 rnutari
1198 2386 1229 2445 et

89 2487 238 2551 frendens
268 2490 301 2550 et
327 2491 489 2568 tamquam
517 2486 565 2549 leo
588 2486 715 2570 rugiens
739 2503 847 2549 omnes
872 2487 1002 2550 nocendi
1028 2487 1130 2550 aditus
1159 2507 1229 2568 per·

88 2591 164 2674 uigil
196 2591 359 2654 insidiator
390 2591 538 2673 explorat,
570 2589 607 2654 de
638 2608 698 2671 quo
729 2590 818 2653 leone
851 2591 1010 2673 apostolus
1042 2593 1227 2654 attestatur:
1255 2613 1280 2652 ro

88 2695 262 2778 uigilate,
294 2695 381 2777 quia
408 2694 649 2758 aduersarius
677 2697 804 2758 uester
831 2693 1003 2758 diabolus
1031 2699 1070 2758 ut
1092 2695 1148 2758 leo
1172 2713 1228 2758 ru-

86 2801 193 2882 giens
225 2800 358 2863 circuit
382 2817 579 2881 quaereus,
611 2818 717 2880 quem
741 2799 906 2862 deuoret.
945 2797 1039 2878 beati,
1069 2817 1146 2880 quos
1178 2798 1228 2862 hic

87 2905 134 2968 leo
158 2903 361 2986 inquirendos
384 2903 500 2968 iudicat
522 2905 555 2967 et
577 2903 751 2985 sequendos
774 2903 881 2984 utique
905 2902 1058 2966 uirtutum
1086 2902 1227 2985 uestigiis

87 3013 117 3072 et
143 3009 240 3073 odore
269 2997 460 3072 meritor‘um.
500 3024 561 3071 non
590 3006 735 3070 animab
758 3007 811 3071 illo
834 3007 1033 3088 inquiruntur
1056 3006 1117 3070 nisi
1143 3005 1227 3084 boni,

87 3115 158 3194 quia
190 3131 227 3176 se
256 3113 337 3176 ultro
367 3111 515 3196 ingerunt
538 3112 622 3175 mali.
662 3113 734 3194 post
755 3111 825 3175 illos
853 3111 1006 3174 uiolenter
1033 3111 1139 3190 currit,
1169 3109 1226 3174 hos
1254 3133 1279 3170 aa

87 3219 183 3282 etiam
213 3216 415 3300 neglegenter
442 3215 579 3280 incurrit.
618 3214 703 3279 beati
729 3215 835 3298 igitur,
863 3233 940 3296 quos
968 3214 1019 3278 hic
1040 3214 1089 3278 leo
1112 3213 1228 3278 inuidia

86 3321 211 3406 cogitur
240 3337 387 3402 quaerere
418 3323 450 3384 et
479 3319 598 3384 malitia
628 3337 689 3384 non
724 3319 914 3401 permittitur
947 3319 1095 3382 inuenire.
1138 3319 1227 3382 terri·

86 3425 192 3490 billter
217 3423 341 3506 quidem
365 3429 456 3490 sonat
478 3425 510 3490 in
533 3423 661 3489 auribus
685 3425 809 3504 nostris,
833 3424 908 3488 dum
932 3423 1123 3488 audiuimus:
1147 3427 1227 3488 tam-

85 3547 182 3612 quam
206 3529 256 3592 leo
278 3531 414 3612 rugiens.
454 3529 509 3593 sed
531 3529 604 3611 quia
624 3529 742 3593 dictum
763 3532 826 3592 ost:
850 3545 956 3592 escae
980 3527 1060 3592 eius
1084 3528 1226 3592 electae

85 3637 190 3715 sunt,
215 3633 297 3714 quod
312 3633 443 3714 quaerit,
464 3633 622 3697 electionis
639 3637 696 3714 est,
718 3632 799 3715 quod
818 3632 913 3716 rugit,
929 3632 1152 3714 desperationis
1168 3633 1226 3712 est,
1253 3655 1279 3694 ro

85 3739 213 3804 sicutin
225 3737 364 3802 alioloco
379 3737 528 3822 legimus:
546 3736 722 3802 dentibus
739 3737 816 3802 suis
832 3737 980 3802 lrendet
995 3739 1031 3800 et
1047 3735 1226 3800 tabescet.

85 3843 128 3907 ita
151 3843 232 3907 haec
254 3841 391 3924 loquitur
415 3860 517 3906 sermo
541 3841 674 3922 diuinus,
705 3845 740 3906 nt
766 3841 877 3906 terrori
904 3841 1069 3905 coniuncta
1091 3840 1132 3904 sit
1154 3857 1226 3904 con-

192 4030 424 4102 numerans.
461 4030 676 4100 aureonno.
713 4029 915 4101 semanno.
953 4029 1225 4100 arrrsnmnrnro.

128 4211 141 4264 1
163 4207 230 4276 agat
248 4206 304 4260 AB
355 4207 373 4260 2
389 4203 559 4275 perditionis]
579 4219 633 4258 non
650 4205 714 4260 cdd.
729 4205 755 4259 A
773 4205 831 4272 (sed
848 4207 967 4272 aarum)
983 4204 1012 4259 B
1072 4219 1164 4256 sumus
1183 4205 1227 4258 Bo

84 4293 258 4364 lpassiones
277 4309 297 4346 r.
311 4295 339 4346 et
356 4308 378 4346 c.
396 4291 434 4348 (lo
486 4291 605 4362 cnunc]
623 4295 651 4346 et
667 4291 762 4347 addo
813 4291 954 4360 9quodo
1007 4293 1038 4346 ll
1059 4288 1226 4344 delectaban-

85 4389 128 4434 tur
151 4381 191 4436 Co
244 4377 500 4448 sufficiebantqueo
551 4377 749 4448 coapostolus]
769 4377 834 4432 bene
852 4378 915 4433 add.
933 4377 986 4432 Οὐ
