2920 4928
266 375 350 428 XLVI
709 376 953 445 Prolegomena.

267 569 360 634 quare
382 551 415 615 in
439 555 576 616 extrema
599 552 739 634 opusculi
755 551 914 616 Faustiani
936 556 1023 635 perte
1047 554 1235 618 recensenda
1251 552 1390 618 eodioisP

266 657 483 720 auctoritatem
506 673 674 739 sequamur
689 661 820 738 oportet,
844 658 894 738 qni
915 657 995 721 inter
1010 658 1139 722 alterius
1154 658 1289 722 familiae
1305 657 1391 720 inter-

266 761 388 844 polatae
411 761 530 824 oodioes
557 761 730 843 prinoipem
758 761 878 825 othnet
904 761 1006 825 looum
1034 765 1065 824 et
1088 764 1244 826 uetustate
1267 762 1390 843 reIanos

266 868 400 948 superet.
440 865 489 928 oui
512 865 687 928 addidimus
711 865 849 928 codicem
872 865 899 929 R
922 865 1048 946 eiusque
1072 866 1219 929 lectiones
1243 866 1390 929 uariantes

266 968 337 1033 inde
354 986 416 1052 ap.
433 967 558 1050 143,13
582 969 663 1033 notis
679 968 792 1032 oritiois
816 968 958 1032 editionis
982 973 1104 1045 nostrae
1127 969 1324 1048 inseruimus,
1345 969 1390 1050 qui

265 1077 371 1137 tamen
395 1073 490 1137 etiarn
514 1074 615 1156 magis
637 1073 839 1156 iuterpolatus
869 1076 916 1136 est
938 1073 1001 1154 illo,
1030 1075 1068 1138 of.
1089 1094 1118 1156 p.
1138 1072 1274 1154 101,15,
1298 1073 1348 1136 nbi
1369 1073 1390 1134 P

263 1173 478 1260 perfectorem
502 1175 580 1259 (esee
608 1176 839 1238 charismatum
867 1175 1069 1262 largito-rem)
1099 1196 1154 1260 pro
1179 1175 1391 1263 perfectoram

267 1280 400 1360 exhibet,
423 1281 451 1344 R
470 1278 661 1364 perfectum,
685 1281 766 1362 quod
790 1299 825 1344 ex
842 1299 916 1344 uooe
935 1279 1150 1365 perfectorem
1170 1283 1249 1346 falso
1265 1285 1392 1346 correcta

267 1389 376 1448 nalum
400 1404 468 1448 esse
492 1403 583 1449 nemo
602 1403 663 1450 non
680 1386 774 1466 uidet,
797 1387 848 1450 uel
867 1384 938 1464 102,
950 1384 1002 1466 20,
1026 1385 1078 1449 ubi
1099 1403 1153 1470 pro
1169 1407 1208 1448 ac
1222 1383 1392 1448 macedonii

267 1489 294 1552 u
316 1497 345 1550 el
368 1487 495 1550 euaomr'
517 1488 656 1572 praebet.

310 1591 416 1656 Fausti
439 1593 477 1656 de
500 1594 610 1675 spIritu
631 1597 739 1656 sancto
762 1593 832 1657 libri
855 1611 953 1676 usque
977 1594 1077 1658 adhue
1093 1594 1252 1658 Paschasii
1276 1595 1391 1658 nomine

267 1696 340 1760 editi
364 1699 495 1761 exstant.
535 1701 627 1778 atque
658 1697 772 1761 edItio
800 1698 975 1780 princeps
998 1699 1110 1780 prodiit
1134 1698 1278 1763 Coloniae
1303 1697 1391 1760 1539:

267 1799 416 1862 Parrasii
443 1800 574 1863 diaconi
598 1800 738 1862 Romami
762 1799 843 1862 libri
858 1800 898 1862 II
920 1801 957 1863 de
985 1801 1110 1887 spiritu
1137 1812 1256 1880 sarecto,
1283 1801 1392 1887 poribus

266 1914 295 1966 et
317 1903 452 1990 eporboli
475 1905 642 1967 enarratio
665 1905 858 1980 continetur,
881 1905 1042 1968 (rdaerauo
1063 1927 1188 1968 errores
1205 1904 1402 1969 Macedoniis

271 2007 361 2093 Opus
388 2018 612 2094 pervetustum
644 2031 683 2070 aa
712 2007 813 2072 ualde
843 2033 863 2071 a
891 2009 932 2072 D.
956 2009 1112 2096 Gregorio
1139 2010 1283 2073 Romanoa
1308 2009 1392 2072 Poat.

263 2111 448 2198 probatum,
471 2135 557 2176 auae
576 2113 722 2197 primam
745 2114 780 2176 iu
806 2112 906 2176 lucem
928 2113 1058 2176 editum.
1104 2115 1136 2178 in
1161 2116 1294 2198 epistula
1316 2113 1393 2178 dedi-

267 2219 383 2282 catoria
406 2217 1049 2284 1111111111(1111111111111011111111111
1073 2219 1169 2284 libros
1188 2219 1343 2284 Paschasii
1365 2237 1393 2280 se

267 2340 364 2403 nuper
388 2341 403 2384 e
427 2326 551 2386 uetusto
574 2321 678 2386 oodioe
702 2323 902 2404 descripsisse
925 2324 1006 2388 dieit.

310 2427 430 2489 Iterum
452 2445 593 2490 seorsum
609 2426 751 2508 impressi
766 2427 946 2510 prodierunt
964 2427 1070 2489 sancti
1085 2426 1255 2490 l'rrsetasr'i
1272 2423 1393 2489 diaconi

268 2529 408 2592 Romami
432 2528 512 2592 libri
528 2529 567 2591 II
579 2577 586 2592 .
604 2577 611 2592 .
629 2577 637 2592 .
655 2529 758 2592 denam
782 2529 863 2593 editi
882 2529 991 2594 studio
1009 2531 1053 2594 M.
1070 2531 1204 2594 Ioannis
1227 2554 1249 2593 a
1271 2531 1393 2604 Facile,

267 2635 491 2698 Helmaestadii
512 2634 602 2699 1613.
641 2639 773 2718 utraque
796 2635 888 2699 editio
904 2637 1013 2700 nititur
1035 2654 1096 2701 uno
1114 2637 1284 2718 eodemque
1299 2636 1393 2700 oodire

269 2738 455 2822 interpolato
479 2739 619 2803 Parisino
642 2737 796 2803 112203
819 2740 923 2804 simili,

311 2842 361 2906 Ad
375 2843 541 2907 editionem
554 2841 771 2908 Coloniensem
784 2843 864 2907 redIt
875 2847 988 2923 textus,
1005 2844 1057 2926 qui
1073 2844 1226 2926 reperitur
1242 2844 1274 2908 in
1286 2843 1395 2926 Magna

267 2946 453 3011 bibliotheca
473 2951 614 3012 netemm
634 2951 769 3030 patrum,
794 2946 939 3012 Coloniae
955 2947 1146 3030 Agrippinae
1166 2946 1259 3029 1618,
1282 2953 1353 3012 torn.
1370 2945 1392 3008 V

266 3055 345 3132 part.
362 3051 409 3114 111
427 3050 489 3114 733
505 3071 583 3134 sqq„
607 3051 638 3115 in
655 3052 773 3135 Magna
792 3051 978 3116 bibliotheca
998 3057 1139 3116 ueterum
1159 3056 1295 3134 patrum,
1315 3051 1394 3116 Pari-

268 3155 322 3218 siis
338 3154 534 3236 1644,111111
551 3154 701 3238 1191111,
718 3159 748 3220 in
761 3157 900 3220 Maxime
912 3157 1100 3221 bibliotheca
1112 3161 1253 3220 ueterum
1266 3162 1394 3240 petrum,

268 3259 411 3342 Lugduni
431 3259 523 3339 11171,
547 3260 624 3323 VIII
640 3257 713 3340 807,
737 3262 767 3324 in
783 3261 961 3344 Patrologia
983 3261 1081 3324 latina
1103 3265 1210 3325 eurota
1234 3280 1253 3324 a
1273 3260 1395 3342 Mignio‚

268 3363 396 3427 Parisiis
417 3362 508 3444 1862,
532 3365 618 3428 LXII
635 3363 654 3424 9
671 3383 738 3446 sqq.

686 3607 718 3672 0.
743 3605 982 3672 uersuunlu.

312 3781 419 3846 Fausti
439 3781 599 3864 epistulas,
620 3799 698 3863 quae
719 3785 851 3862 exstant,
872 3782 1013 3865 omnes¹l
1030 3783 1169 3846 eontinet
1188 3783 1299 3846 eoder
1316 3781 1394 3846 San·
1436 3815 1438 3822 ν

268 3887 450 3970 gallensis
479 3907 508 3950 n.
529 3884 589 3948 190
611 3885 660 3969 (8)
685 3885 941 3950 membranaceus
965 3905 1045 3950 seeo.
1059 3887 1152 3950 VIIII
1176 3887 1294 3951 formae
1317 3891 1394 3950 oelo-

270 3992 384 4070 neriae,
411 3991 596 4074 paginarum
624 3994 859 4054 numeratamm
874 3989 936 4054 357
961 3991 1029 4073 (sed
1056 4010 1222 4056 numemm
1241 3992 1276 4053 11
1302 3995 1395 4056 trans-

314 4235 332 4302 1)
345 4231 466 4302 Epistula
478 4233 572 4299 quarte
591 4231 671 4293 deest„
691 4248 738 4285 nee
756 4247 819 4285 nero
832 4248 862 4284 ee
874 4229 964 4284 Fausti
983 4235 1023 4285 est
1041 4233 1087 4286 sed
1099 4233 1205 4287 Paulini
1224 4233 1258 4286 ad
1271 4233 1393 4286 Faustum

270 4336 357 4374 misse.
