2920 4930
272 411 314 477 80
733 413 755 468 1.
774 413 819 467 De
836 413 945 483 gratia

272 589 420 672 exemplis
443 589 672 673 praestringere
695 607 752 654 nos
775 593 907 672 oportet,
931 589 1039 672 quanti
1062 594 1134 654 ante
1156 589 1259 674 legem
1284 590 1392 654 litterae

272 693 432 757 erudiente
452 694 521 777 lege
537 697 676 773 naturae,
701 711 780 776 quae
803 695 915 778 prima,
938 697 973 758 ut
997 695 1139 774 diximus,
1163 695 1212 758 dei
1234 697 1391 780 gratiaest,

271 797 429 861 uestibulo
456 797 565 862 salutis
588 798 774 862 intrauerint
795 817 850 880 per
871 797 1030 864 Christum
1057 799 1096 864 ad
1119 799 1188 883 ipsa
1209 799 1291 864 uitae
1312 814 1392 881 pene·

272 901 362 964 tralia
383 901 582 983 perducendi.

232 1032 245 1071 1
315 1004 373 1070 Sed
408 1003 485 1091 (dei)
520 1025 643 1090 quoque
680 1007 711 1070 in
745 1007 848 1072 losum
883 1007 963 1072 Abel
1000 1027 1121 1073 morum
1157 1027 1192 1073 ao
1227 1009 1392 1072 meritorum

272 1110 472 1174 similitudine
495 1110 683 1176 substitutus
707 1112 788 1176 unde
811 1112 941 1195 profana
960 1114 1064 1177 fratris
1084 1113 1229 1178 instituta
1252 1129 1392 1196 respuere,

271 1213 354 1277 unde
377 1215 505 1278 meliora
528 1215 681 1298 potuisset
704 1215 828 1300 eligere,
851 1217 910 1280 nisi
934 1235 1005 1280 eurn
1028 1217 1058 1280 in
1082 1217 1165 1281 uiam
1186 1222 1302 1281 reetam
1317 1213 1393 1279 intel-

271 1319 371 1382 leetns
395 1323 426 1382 et
447 1321 525 1383 ratio
549 1319 720 1400 direxisset,
744 1339 805 1402 qua
827 1321 904 1384 duee
925 1325 1049 1386 sanetas
1069 1321 1248 1386 traditiones
1270 1325 1300 1386 et
1317 1337 1393 1403 prae·

271 1421 419 1486 dicabiles
451 1423 627 1506 disciplinas
657 1425 744 1489 uelut
773 1425 993 1489 hereditarium
1023 1443 1137 1489 munus
1168 1425 1338 1490 transmisit
1361 1420 1392 1484 ad

221 1552 245 1592 ιο
271 1529 422 1610 posteros,
453 1531 488 1592 ut
518 1529 701 1612 angelorum
731 1529 781 1593 uel
813 1528 948 1594 filiorum
978 1530 1027 1593 dei
1057 1529 1183 1594 nomine
1210 1548 1266 1612 per
1292 1527 1393 1592 multas

272 1636 474 1697 censerentur
497 1635 640 1697 aetates?
678 1633 747 1715 quis
770 1633 893 1698 dubitet
915 1635 1095 1698 innumeras
1119 1633 1185 1698 eius
1202 1633 1334 1698 familias
1347 1631 1394 1694 deo

271 1735 412 1818 planitas,
435 1734 580 1801 libertate
604 1737 725 1801 arbitrii
754 1737 910 1820 praeditas
939 1742 1028 1802 etex
1051 1736 1199 1822 gentibus
1229 1737 1324 1802 fnisse
1343 1734 1394 1798 sal·

271 1845 372 1921 uates,
403 1841 440 1904 de
464 1839 578 1924 quibus
600 1843 690 1924 pauni
714 1841 892 1922 admodum,
923 1843 977 1906 sed
1000 1842 1076 1906 olari
1099 1845 1191 1924 atque
1218 1841 1343 1924 perfecti
1363 1837 1394 1901 ad

270 1944 545 2010 inluminationem
569 1946 686 2010 saeouli
709 1945 805 2010 saeris
828 1945 1001 2028 produntur
1016 1946 1167 2028 eloquiis?
1203 1946 1287 2010 unde
1302 1941 1393 2009 Enoob

220 2074 245 2114 rs
271 2067 343 2112 eum
374 2049 431 2113 deo
461 2049 622 2114 ambulare
652 2049 703 2114 uel
735 2049 791 2115 deo
821 2051 944 2133 plaeere
973 2051 1136 2132 potuisset,
1167 2050 1226 2114 nisi
1258 2069 1328 2115 eum
1353 2048 1393 2110 lex

271 2153 442 2218 uisceribus
465 2154 569 2219 inlusa
592 2158 710 2218 seoreto
734 2155 912 2238 magisterio
936 2155 1154 2219 inluminasset
1169 2155 1200 2218 in
1216 2157 1346 2233 tantum,
1365 2153 1393 2213 ut

271 2257 349 2320 nihil
380 2260 540 2322 terrenum
567 2259 691 2340 sapiens
715 2259 898 2323 mirabiliter
921 2263 1043 2324 aberra
1065 2259 1122 2323 deo
1153 2258 1334 2322 adsumente
1353 2273 1394 2320 ra·

270 2364 418 2444 peretur?
455 2363 509 2444 qui
540 2363 614 2426 dum
644 2361 714 2426 fidei
746 2363 857 2427 merito
881 2363 912 2426 in
936 2363 1036 2447 prima
1058 2363 1174 2426 saeouli
1196 2363 1279 2427 illius
1307 2363 1394 2427 aelate

272 2468 390 2531 eeteros
414 2467 583 2548 antecellit,
607 2465 701 2532 fidem
723 2468 824 2551 ipsam
847 2485 918 2532 oum
941 2469 1010 2552 lege
1032 2471 1163 2532 naturae
1180 2467 1247 2532 sibi
1261 2467 1393 2532 traditam

220 2595 245 2634 eo
273 2569 369 2633 fuisse
392 2570 564 2653 perdoouit,
588 2571 669 2635 siout
684 2571 833 2655 legimus:
857 2571 935 2636 lide
957 2571 1082 2636 Enooh
1104 2573 1313 2636 translatus
1334 2571 1393 2646 est,

271 2677 398 2738 utnon
414 2675 559 2739 uideret
575 2679 739 2740 mortem.
778 2679 866 2740 ante
882 2676 1173 2742 translationem
1191 2677 1287 2740 enim
1302 2673 1394 2739 testi·

271 2778 434 2843 monium
457 2779 590 2844 habuit
612 2779 801 2863 plaouisse
825 2781 900 2844 deo.
939 2781 1018 2844 sine
1040 2780 1115 2844 fide
1140 2783 1263 2844 autem
1287 2781 1394 2861 inpos-

271 2882 384 2947 sibile
414 2885 471 2948 est
499 2884 648 2967 plaeere
679 2884 755 2950 deo.
794 2884 943 2949 eredere
973 2888 1096 2948 antem
1127 2888 1275 2968 oportet
1307 2899 1394 2947 aoce-

271 2987 419 3052 deutem
453 2987 497 3051 ad
531 2987 651 3069 deum,
690 2989 776 3070 quia
810 2991 867 3053 est
905 2991 941 3053 et
973 2988 1254 3070 inquirentibus
1288 3008 1323 3052 se
1356 2986 1395 3050 lit

219 3117 244 3156 es
271 3096 538 3157 remunerator.
576 3092 638 3157 nisi
667 3093 844 3158 uoluntaria
874 3093 1037 3158 deuotione
1064 3097 1095 3158 et
1118 3093 1290 3158 intentione
1312 3109 1395 3175 quae·

270 3199 399 3278 teretur,
430 3197 722 3268 remunerationem
744 3198 862 3263 homini
893 3216 955 3263 non
982 3197 1125 3277 deferret,
1150 3197 1216 3262 nisi
1241 3199 1268 3262 ei
1291 3193 1394 3278 aliquid

271 3302 440 3384 proprium,
471 3301 553 3366 uude
582 3306 688 3384 posset
717 3303 850 3384 plaeere,
881 3302 1052 3367 tribuisset.
1091 3301 1166 3366 dum
1189 3300 1393 3366 autemdicit:

272 3409 356 3470 ante
373 3406 663 3470 translationem
679 3407 776 3470 enim
792 3406 1051 3472 testimonium
1067 3405 1199 3470 babuit
1217 3405 1394 3490 placuisse

272 3509 352 3590 deo,
376 3509 506 3574 dubium
530 3529 591 3576 nou
616 3515 672 3592 est,
696 3511 777 3594 quod
799 3511 884 3595 prius
900 3512 966 3576 uita
986 3511 1179 3576 examinetur
1194 3514 1225 3574 et
1240 3512 1285 3575 sio
1300 3507 1395 3574 electio

375 3683 420 3752 20]
440 3683 521 3739 Hebr.
543 3687 583 3750 11,
596 3687 619 3740 5.

315 3838 396 3896 5dei
418 3841 530 3910 addidi,
552 3859 603 3896 our.
627 3841 660 3909 P,
688 3840 776 3896 hoeo
846 3856 964 3910 quoquae
988 3843 1015 3896 P
1082 3841 1179 3898 loeoo
1250 3845 1394 3910 oroquue

270 3925 377 3998 scripsi,
395 3929 531 3996 respueret
549 3928 577 3982 P
640 3927 744 3982 lunda
761 3928 869 3998 scripsi,
886 3925 948 3982 inde
966 3929 994 3983 P
1057 3927 1157 3998 elegere
1176 3929 1204 3983 P
1266 3929 1296 3983 in
1312 3923 1397 3985 oral’

272 4017 305 4071 13
328 4013 388 4084 adq:
402 4016 435 4072 P
512 4017 544 4070 14
566 4013 658 4068 Enoch
680 4017 791 4086 nosipsi,
813 4016 841 4069 in
859 4015 909 4070 hoo
928 4017 961 4086 P,
984 4016 1056 4070 enim
1074 4017 1200 4072 Enooho
1272 4019 1304 4073 19
1322 4011 1395 4068 tradi·

270 4105 329 4156 tum
349 4103 385 4156 P¹
446 4103 480 4157 20
498 4101 657 4170 perdocebo
717 4117 781 4157 oneo
800 4104 827 4157 P
886 4103 1134 4173 2211110εεί121]>
1195 4105 1230 4159 al
1253 4103 1285 4157 fit
1301 4099 1396 4160 addidi,

271 4207 321 4244 om.
335 4189 369 4250 Ρ.
382 4187 445 4244 sito
496 4191 529 4243 25
544 4187 722 4243 uoluntariam
737 4189 936 4246 denotionemv
988 4191 1192 4246 intentionemu
1244 4191 1396 4259 quaerereto

271 4279 305 4331 26
326 4275 451 4344 deferret]
471 4279 497 4329 et
515 4276 614 4331 addo
665 4278 698 4332 27
718 4277 866 4346 proprium]
886 4277 993 4346 priuso
1049 4283 1137 4347 posset
1155 4279 1262 4348 scripsi,
1281 4273 1398 4347 possitP

271 4365 305 4416 29
324 4363 395 4416 uitae
415 4364 442 4417 P
