2920 4928
178 409 215 463 VI
623 408 864 476 Prolegomeua.

177 586 234 649 lIl.
253 585 355 650 Ueber
375 585 423 649 die
439 583 607 667 Predigten
628 584 681 648 des
698 585 832 648 Faustus
853 584 917 648 und
933 583 999 648 ihre
1015 585 1161 648 Fchtheit
1180 603 1209 666 p.
1226 583 1311 646 47-

179 687 265 772 104),
295 688 498 753 Vindobonae
531 685 622 752 1889.
656 724 698 734 -
727 687 887 752 Kritische
917 688 1201 772 Untersuchungen
1236 688 1311 752 uber

177 794 334 858 wirlrliche
362 794 425 886 und
456 793 638 877 angebliehe
667 791 821 858 Schriften
837 821 839 826 v
853 793 906 856 des
934 793 1068 857 Faustus
1095 792 1249 872 Reiensis,
1279 793 1312 856 in

177 898 383 980 Ephemeride
413 899 648 982 gymnasiorum
680 897 914 962 Austriaoorum
948 896 1041 978 1890,
1075 918 1104 980 p.
1129 895 1309 960 aaa-301.

176 1040 218 1048 —
240 1003 385 1086 Beitrage
413 1022 466 1066 zur
488 1001 594 1066 Kritik
622 1003 684 1066 und
708 1002 884 1085 Frlrlarung
912 1003 966 1066 der
989 1002 1090 1066 Brieie
1114 1003 1168 1066 des
1191 1001 1311 1084 Apolli-

177 1108 260 1171 naris
285 1107 438 1187 Sidonius,
466 1107 626 1186 Faustus
650 1107 713 1170 und
737 1105 891 1186 Ruricius
919 1107 949 1169 in
974 1106 1084 1170 eadem
1107 1104 1310 1189 Ephemaride

176 1209 518 1294 gymn.Austr.1890‚
542 1232 571 1294 p.
588 1209 758 1273 lar-497
784 1215 815 1274 et
838 1209 1018 1274 atr-699.

219 1316 368 1379 Faustum
390 1324 465 1376 ortu
486 1313 697 1392 Britannum,
718 1312 906 1376 habitaculo
927 1313 1092 1376 Baianae-m
1112 1315 1209 1378 luisse
1226 1314 1310 1378 Alci·

176 1439 246 1483 mus
280 1420 393 1484 Auitus
424 1422 455 1483 in
490 1420 624 1503 epistula
657 1420 696 1483 ad
726 1418 957 1484 Gundebadum
991 1439 1098 1502 regem
1132 1418 1175 1501 (p.
1207 1417 1259 1498 30,
1293 1418 1309 1479 i

175 1523 301 1607 Peiper)
331 1525 427 1588 tradit
457 1529 488 1588 et
517 1523 708 1607 Apollinaris
740 1521 882 1588 Sidonius
913 1525 944 1586 in
976 1524 1110 1606 epistula
1139 1523 1178 1586 ad
1208 1523 1311 1606 ipsum

176 1628 328 1692 Faustum
352 1629 467 1711 scripta
494 1628 602 1712 (VIIII
626 1625 645 1688 9
668 1647 697 1711 p.
719 1625 825 1708 laur
849 1627 1059 1710 Laetiohann)
1090 1627 1126 1690 de
1149 1627 1310 1690 Britannis

176 1736 211 1795 ut
233 1732 342 1796 Fausti
368 1732 568 1814 popularibus
597 1731 693 1796 uerba
720 1731 804 1811 lacit,
833 1749 927 1814 quare
955 1731 1042 1795 nulla
1068 1729 1145 1794 fides
1169 1731 1312 1795 habenda

176 1839 224 1899 est
243 1836 346 1900 uerbis
362 1837 555 1901 Possessoris
577 1837 712 1919 episcopi
727 1836 878 1915 Africani,
902 1836 955 1917 qni
975 1835 1012 1898 do
1029 1833 1153 1897 Facete
1173 1833 1310 1918 quedam

174 1939 306 2002 «tratione
325 1937 433 2020 Gallo,
458 1939 600 2025 Reginae
622 1939 773 2003 claritatis
797 1939 945 2025 epr'acopo
969 1939 1101 2023 (Migne,
1124 1939 1239 2004 Patrol.
1255 1940 1308 2003 lat.

175 2045 279 2108 LXIII
302 2043 380 2127 489)
407 2045 546 2127 disputat
573 2064 635 2108 non
663 2045 693 2108 id
722 2063 827 2128 agens,
856 2049 890 2108 ut
912 2045 1046 2128 patriam
1070 2043 1188 2124 Fausti,
1216 2061 1311 2126 quam

176 2151 336 2232 episcopus
360 2149 528 2213 Africanus
553 2149 820 2233 Constantinopoli
848 2149 992 2212 exsulans
1021 2149 1148 2212 minime
1171 2148 1310 2228 curabat,

175 2253 298 2332 indicet,
322 2253 376 2316 sed
396 2255 478 2317 utin
494 2253 596 2318 Gallla
616 2253 767 2318 Faustum
788 2255 877 2318 illum
897 2253 996 2317 uitam
1017 2253 1128 2336 degere
1149 2253 1309 2336 significet.

175 2357 282 2420 eadem
299 2359 418 2421 ratione
435 2357 598 2421 Facundus
615 2359 853 2422 HermIanensiS
869 2358 1030 2440 episeopus
1050 2357 1082 2420 in
1105 2355 1184 2421 libro
1204 2362 1312 2420 contra

174 2462 354 2525 Mucianum
371 2461 522 2526 Faustum
538 2461 664 2527 Gallum
684 2463 822 2545 appellat
842 2461 974 2545 (Migna
991 2462 1106 2526 Patrol.
1122 2463 1175 2526 lat.
1193 2461 1312 2525 LXVII

174 2563 260 2648 855).
307 2569 381 2631 sunt
404 2569 519 2646 autem,
542 2567 596 2648 qui
618 2566 769 2630 Faustum
793 2566 825 2629 in
849 2565 950 2631 Gallia
970 2565 1152 2631 Aremorica
1174 2567 1224 2629 uel
1241 2564 1312 2628 Bri-

174 2671 310 2750 tannica,
334 2689 413 2752 quae
436 2671 525 2734 hodie
549 2670 706 2754 Bretagne
730 2670 852 2750 dicitur,
880 2673 988 2734 natum
1013 2688 1080 2734 esse
1105 2673 1136 2733 et
1158 2669 1312 2733 contraria

174 2774 228 2838 illa
251 2777 392 2838 ueterum
416 2775 601 2857 scriptorum
624 2775 803 2838 testimonia
826 2775 884 2838 hoc
907 2773 999 2837 modo
1022 2774 1191 2838 consociari
1218 2790 1310 2855 posse

174 2878 362 2958 existiment,
386 2879 423 2942 de
446 2878 560 2960 quibus
584 2879 788 2942 conferendus
812 2882 860 2942 est
875 2877 1001 2961 Stiltiug
1023 2879 1043 2941 l.
1061 2878 1081 2941 l.
1099 2877 1163 2940 654
1179 2896 1224 2958 sq.
1255 2877 1311 2940 sed

173 3001 245 3046 cum
268 3001 349 3046 unus
372 2983 496 3062 Auitus,
521 2983 629 3046 Fausti
652 2983 715 3046 fere
739 2983 877 3064 aequalis
901 2987 932 3044 et
947 2982 1134 3046 Viennensis
1158 2981 1190 3044 in
1210 2980 1311 3046 Gallia

174 3087 321 3150 ecclesiae
338 3087 511 3168 episcopua,
533 3088 613 3151 inter
628 3087 762 3169 patriam
783 3091 813 3150 et
833 3085 1045 3150 habitaculum
1063 3084 1175 3149 Fausti
1194 3085 1310 3148 diserte

173 3191 353 3274 distinguat,
377 3191 457 3272 quod
479 3209 550 3254 eum
572 3191 672 3255 facere
689 3191 740 3254 uin
761 3208 838 3273 opus
860 3194 936 3270 erat,
960 3190 987 3252 si
1004 3189 1139 3254 Faustus
1159 3190 1191 3253 in
1207 3188 1310 3253 Gallia

172 3295 354 3359 Aremorica
376 3299 468 3358 natus
489 3300 564 3375 erat,
589 3296 678 3376 eique
694 3293 837 3358 Sldonius
859 3295 959 3374 testis,
983 3293 1090 3358 Fausti
1111 3294 1228 3357 amicus
1248 3293 1309 3356 fide

172 3399 385 3483 dignissimus,
414 3400 613 3480 assentiatur,
641 3399 793 3463 Faustum
823 3399 856 3462 ln
879 3398 1043 3462 Britannia
1070 3399 1172 3463 insula
1199 3401 1308 3462 natum

173 3523 241 3567 esse
263 3522 318 3586 pro
342 3508 425 3568 certo
448 3503 612 3568 habemus,

215 3607 281 3688 Quo
311 3626 392 3673 anno
424 3607 558 3672 Faustus
590 3612 681 3672 natus
713 3608 768 3688 sit,
803 3608 947 3689 quamuis
977 3609 1134 3691 proditum
1165 3626 1225 3672 non
1256 3609 1309 3688 sit,

171 3717 277 3776 tamen
299 3714 424 3777 ineunte
448 3712 571 3776 saeculo
594 3713 701 3794 quinto
725 3730 796 3787 eum
820 3717 929 3776 natum
953 3732 1020 3776 esse
1044 3713 1135 3776 facile
1158 3731 1213 3794 per·
1235 3731 1309 3776 con-

172 3818 322 3881 iecturam
350 3834 562 3898 assequemur,
591 3817 618 3880 si
644 3817 780 3897 reliquas
807 3813 892 3880 uitae
920 3817 986 3880 eius
1013 3817 1149 3882 rationes
1177 3835 1310 3900 perpen-

173 3923 319 3986 derimus.
356 3939 437 3985 anno
455 3921 538 3984 enim
553 3919 618 3982 433
634 3939 705 3984 curn
723 3920 869 3986 abbatam
886 3921 1087 3986 lerinensem
1105 3923 1221 3986 lactum
1238 3942 1308 3986 esse

171 4045 241 4090 cum
257 4027 461 4090 interamnae
477 4028 599 4089 constet
620 4029 651 4089 et
666 4030 790 4108 praesto
806 4025 896 4090 nobis
913 4027 976 4090 sint
991 4026 1141 4109 epistulae
1158 4045 1176 4090 a
1191 4027 1309 4090 Fausto

171 4132 251 4194 circa
266 4148 383 4194 annum
398 4127 463 4191 480
483 4130 515 4192 in
536 4129 642 4193 exsilio
664 4130 806 4213 scriptae,
829 4131 861 4194 in
883 4131 995 4212 quibus
1016 4134 1122 4196 tamen
1143 4131 1180 4195 dc
1201 4132 1308 4214 grauis
1395 4191 1401 4202 ,

171 4235 341 4299 senectutis
365 4235 570 4298 incommodis
594 4254 633 4298 ne
656 4235 788 4299 rrerbum
816 4235 942 4317 quidem
970 4235 1134 4317 reperitur,
1162 4235 1307 4316 adducor,

170 4341 205 4401 ut
226 4339 377 4402 Faustum
402 4355 463 4402 non
489 4341 587 4403 multo
610 4343 681 4402 ante
705 4358 822 4402 annum
844 4337 910 4400 410
933 4341 1042 4402 natum
1067 4359 1135 4403 esse
1158 4343 1308 4420 statuum,
