2924 4924
258 451 323 516 244
708 450 772 506 1111.
792 451 901 505 Sermo
920 453 944 506 6.

259 645 464 711 prouoeemue
479 626 686 691 inimieorum.
702 631 865 711 propterea
880 627 938 691 hoo
953 587 1019 690 fieri
1031 625 1187 706 uolumus,
1203 626 1279 708 quia
1288 643 1373 690 omres
1435 609 1438 655 1

259 727 410 815 martyres
433 751 488 814 per
504 732 599 794 istam
621 731 882 814 perfectissimam
905 730 1069 794 earitatem
1085 729 1124 793 ad
1146 747 1291 795 doronem
1312 747 1374 794 mn·

259 837 330 920 tyrii
353 835 533 919 peruenisse
549 835 763 919 cognonimue‚
786 835 868 918 quod
892 835 987 899 etiam
1010 834 1041 898 in
1064 834 1156 898 beato
1171 833 1323 918 Stephano
1340 835 1375 897 in·
1436 844 1440 920 ',

258 943 378 1024 pletum
407 959 476 1004 esee
499 958 571 1005 enm
598 940 718 1023 ingenti
745 939 948 1004 admiratione
975 939 1177 1023 gaudeamus,
1223 939 1375 1023 diligenter,
1439 923 1440 956 *

218 1073 232 1112 e
259 1063 384 1128 quaeso,
408 1044 576 1124 adtendite,
600 1045 722 1124 fratres,
746 1047 778 1108 et
800 1043 981 1128 intellegite,
1005 1043 1078 1125 quia
1092 1043 1124 1106 in
1145 1042 1290 1108 omnibus
1305 1043 1376 1106 mdo

257 1149 435 1214 hominibus
467 1149 546 1214 uitia
575 1149 678 1232 potius
709 1147 823 1213 habere
854 1148 923 1213 odio
954 1147 1120 1228 debemus,
1155 1165 1217 1212 non
1246 1148 1377 1224 homines,
1438 1153 1442 1206 1

258 1255 386 1337 diligere
413 1253 582 1334 hominem,
610 1253 711 1317 odisee
739 1253 860 1316 uitium.
906 1252 970 1317 noli
995 1255 1122 1335 propter
1148 1252 1306 1316 hominem
1326 1250 1378 1313 dili·

257 1377 330 1442 gere
354 1359 466 1422 uitium
490 1376 547 1421 neo
570 1361 695 1440 proptor
714 1357 826 1421 uitium
841 1357 943 1421 odisee
966 1357 1135 1420 hominem.
1181 1356 1276 1420 homo
1296 1355 1378 1439 prori-

258 1481 329 1526 mus
356 1465 430 1526 tuus
459 1466 516 1542 eet,
544 1461 658 1526 uitium
685 1461 830 1525 inimieue
859 1461 1071 1542 estproximo
1100 1464 1162 1524 tuo.
1209 1463 1284 1524 tune
1308 1477 1377 1524 emas

208 1595 232 1632 ιο
258 1567 394 1630 amioum
423 1570 528 1647 tunm,
559 1565 585 1630 ei
614 1565 714 1630 oderis
744 1565 868 1645 uitium,
899 1565 981 1647 quod
1011 1568 1102 1629 nuoet
1129 1564 1229 1628 amieo
1260 1568 1319 1628 tuo.
1355 1561 1378 1624 si

257 1671 392 1750 credie,
409 1671 501 1734 bene
516 1670 627 1750 loeis,
649 1670 722 1752 quia
737 1669 861 1734 iustus
877 1688 917 1732 ex
933 1669 1007 1733 side
1024 1669 1129 1732 uiuit.
1158 1668 1241 1750 quod
1261 1666 1379 1732 abundat

256 1776 288 1840 in
314 1776 407 1840 rebus
440 1775 596 1856 humanis,
627 1776 685 1840 hoo
711 1775 788 1839 dieo.
838 1774 1003 1855 aliquando
1031 1774 1130 1838 amieo
1157 1777 1211 1837 tuo
1239 1773 1380 1837 oariesimo

256 1881 402 1944 inimious
437 1883 486 1944 eet
520 1879 646 1961 uliquis,
680 1879 734 1961 qui
768 1883 834 1942 erat
867 1878 986 1942 amiens
1020 1877 1195 1942 amborum.
1247 1877 1381 1959 incipiunt

257 2003 325 2050 esse
348 1985 386 2048 de
409 1982 509 2048 tribus
533 1983 642 2048 amieis
665 1984 725 2047 dno
748 1983 827 2047 inter
850 2001 884 2046 ee
900 1982 1027 2047 inimiei.
1063 1981 1137 2064 quid
1159 1981 1253 2046 faeiat
1268 1981 1381 2054 medius,

206 2115 230 2155 re
257 2091 311 2172 qni
342 2089 514 2154 remansit?
563 2107 645 2152 unus
675 2107 711 2152 ex
743 2087 819 2167 illie,
850 2088 903 2170 qui
932 2106 966 2152 se
993 2087 1061 2151 odio
1091 2085 1223 2167 hahent,
1255 2085 1329 2164 uult,
1355 2087 1382 2146 ut

257 2194 360 2286 oderis
380 2211 451 2257 eum
474 2193 538 2274 illo,
561 2211 655 2274 quem
674 2193 726 2257 ille
742 2193 812 2257 odio
835 2191 940 2274 habet,
961 2195 993 2256 et
1014 2192 1090 2256 haee
1112 2191 1209 2256 uerba
1230 2190 1290 2254 tibi
1310 2189 1382 2253 dieit:

257 2314 319 2361 non
340 2317 372 2361 os
389 2297 508 2361 amiens
532 2316 630 2378 meus,
654 2297 727 2379 quia
742 2315 775 2361 ee
799 2297 917 2362 amiens
940 2296 1058 2360 inimioi
1081 2295 1151 2360 mei.
1189 2298 1222 2359 et
1237 2294 1315 2377 quod
1335 2291 1382 2356 tibi

257 2402 333 2466 dicit
355 2402 414 2466 iste
437 2402 474 2466 de
497 2401 560 2482 illo,
583 2401 642 2466 hoe
665 2401 722 2466 tibi
744 2401 821 2466 dioit
843 2401 896 2466 ille
918 2401 957 2465 de
978 2401 1048 2465 isto.
1090 2403 1153 2464 tres
1184 2401 1270 2464 enim
1293 2397 1382 2472 eratis,

257 2505 318 2570 duo
340 2509 510 2588 coeperunt
532 2525 601 2570 esee
628 2505 784 2570 dissordes
807 2509 840 2570 et
861 2505 1041 2570 remansisti
1063 2509 1098 2569 tu
1125 2504 1222 2569 eolus.
1269 2504 1295 2567 ei
1323 2501 1382 2566 huie

204 2635 230 2674 eo
258 2614 289 2674 te
319 2610 465 2691 innueris,
500 2610 588 2674 illum
617 2609 685 2675 odio
714 2609 845 2675 habebis
875 2609 1048 2690 inimicum,
1083 2609 1109 2672 si
1141 2608 1197 2688 illi,
1232 2609 1334 2686 istum,
1363 2603 1382 2666 si

257 2713 421 2795 ambobus,
444 2714 536 2778 ambo
557 2714 808 2780 murmurabunt.
844 2731 915 2778 osee
934 2715 1106 2797 temptatio.
1139 2715 1300 2796 exspectas
1315 2711 1383 2774 torte

257 2837 276 2883 a
298 2837 349 2884 me
371 2819 489 2900 audire,
512 2819 585 2900 quid
608 2819 714 2884 lasiae.
743 2837 891 2902 permane
912 2819 1030 2882 amicus
1051 2816 1225 2882 amborum.
1261 2815 1311 2898 qui
1331 2814 1382 2876 die-

256 2923 385 2988 eordant
406 2923 487 2987 inter
510 2941 554 3003 ee,
577 2922 765 2988 eoneordent
783 2941 839 3005 per
861 2925 902 2986 te.
946 2923 1031 2986 mala
1054 2922 1080 2984 ei
1102 2921 1206 3003 aliqua
1228 2915 1381 2985 audietiab

257 3027 407 3092 alterode
430 3028 537 3107 altero,
561 3027 625 3091 noli
647 3027 776 3110 prodere
799 3028 900 3107 alteri,
923 3045 962 3091 ne
985 3027 1064 3090 forte
1087 3029 1197 3110 postea
1217 3026 1280 3090 sint
1294 3021 1381 3096 amici,

205 3157 230 3197 ae
256 3132 310 3213 qni
336 3131 428 3196 modo
455 3135 530 3195 eunt
555 3131 684 3211 inimioi,
713 3136 745 3196 et
771 3131 942 3214 proditores
969 3148 1042 3194 snos
1064 3129 1197 3212 prodant
1220 3129 1288 3194 eibi.

299 3234 359 3300 Sed
381 3235 440 3300 hoe
462 3238 588 3318 propter
610 3234 754 3300 honrines
777 3235 850 3316 dixi,
874 3253 937 3300 non
960 3237 1084 3320 propter
1107 3234 1213 3298 oeulos
1236 3234 1293 3298 dei.
1322 3245 1382 3292 eece

257 3357 348 3403 nemo
376 3343 407 3404 te
430 3339 533 3422 prodit
558 3340 625 3404 deo.
666 3339 742 3404 deus
772 3343 830 3421 eet,
860 3340 914 3422 qui
941 3343 973 3404 te
999 3339 1100 3419 uidet,
1132 3339 1186 3420 qni
1213 3341 1245 3402 te
1271 3334 1381 3400 iudieat

256 3443 370 3508 audisti
397 3443 436 3508 ab
464 3444 543 3508 irato
571 3443 714 3525 uerbum,
746 3463 765 3508 a
793 3445 917 3508 dolente
944 3462 980 3508 ao
1007 3445 1227 3508 sueeeneents:
1258 3441 1382 3506 moretur

255 3549 288 3612 in
315 3553 356 3613 te.
403 3566 497 3631 quare
524 3549 680 3632 proditur,
708 3566 805 3631 quare
832 3549 1008 3633 profertur?
1051 3565 1111 3612 non
1141 3547 1226 3611 enim
1253 3546 1278 3610 ei
1304 3545 1333 3606 in
1357 3548 1382 3600 te

361 3737 406 3807 10]
424 3737 514 3804 Iao2,
529 3741 568 3796 19.
624 3738 668 3808 ll]
688 3737 858 3803 (teletam
878 3737 911 3792 nl.

301 3917 479 3986 lpuoeemue
497 3915 527 3968 D
579 3912 706 3969 ttaeato
725 3914 754 3968 D
807 3917 936 3982 tqueseo
954 3913 984 3967 D
1036 3911 1162 3981 dputine
1180 3912 1211 3968 D
1268 3901 1383 3964 hodioD

255 4001 395 4057 thodieee
408 4001 438 4056 D
489 4000 811 4070 sinimicuseuprarae.
825 4001 954 4056 astutio
966 4000 1004 4068 D,
1022 3999 1161 4054 inimicum
1174 4001 1245 4070 Aug.
1299 3999 1329 4052 10
1346 4005 1383 4045 nt

255 4093 299 4160 oet
316 4089 346 4144 D
402 4091 448 4142 tuo
467 4087 489 4140 ei
507 4087 592 4141 eredis
610 4105 696 4158 aspra
713 4105 767 4144 roe.
786 4089 818 4143 ia
836 4088 865 4142 D
923 4091 952 4142 ll
973 4085 1113 4140 habundat
1131 4087 1160 4140 D
1219 4089 1250 4142 15
1268 4076 1385 4139 hodioD

257 4203 289 4257 rs
307 4199 370 4256 oue
386 4202 417 4256 n
475 4203 506 4256 re
525 4203 669 4270 caeperunt
685 4201 716 4256 n
771 4202 806 4256 eo
824 4166 939 4254 edixeris
956 4200 986 4254 n
1042 4198 1123 4252 rosio
1141 4199 1170 4254 n
1222 4189 1386 4269 24me

254 4290 289 4344 26
305 4286 361 4390 ¹dixi
374 4289 454 4358 dap,
473 4287 581 4342 dixitD
634 4289 668 4344 28
686 4286 808 4342 adolente
827 4288 856 4342 D
905 4288 1078 4340 euoeensunte
1095 4286 1126 4340 D
1179 4287 1307 4339 moriatur
1323 4283 1385 4346 Aea·

255 4399 602 4467 mensumn.)
