2924 4924
259 431 322 496 226
709 436 773 490 IIII.
793 437 902 491 Sermo
922 441 944 494 1.

302 608 342 671 dt
364 609 442 688 ideo,
470 609 583 674 fratres
607 611 809 693 dilectissimi,
838 613 919 677 sicut
940 614 971 676 in
995 614 1080 678 omni
1107 617 1249 698 tempore
1277 615 1316 680 ab
1339 616 1387 680 ed·

260 711 368 776 ulteris
392 716 424 776 et
447 713 629 778 miserrimis
652 715 843 796 concubinis,
866 717 911 780 ita
934 718 1027 780 etiam
1051 736 1070 782 e
1090 719 1223 802 propriis
1246 720 1386 784 uxoribus

260 819 332 880 ante
348 817 464 881 multos
481 817 545 882 dies
562 819 682 884 debetis
699 819 866 901 abstinere,
891 822 1167 904 quotienscumque
1183 826 1238 886 aut
1254 824 1386 887 natalem

260 919 378 984 domini
405 925 460 986 eut
486 923 621 1006 reliquas
645 925 871 990 sollemnitates
895 925 1051 990 celebrare
1075 927 1246 1010 disponitis.
1296 927 1385 990 ebrie·

220 1049 233 1090 c
260 1027 358 1090 tatem
386 1030 458 1090 aute
485 1027 591 1091 omnia
616 1029 725 1112 fugite,
752 1029 930 1094 iracundiae
957 1033 1128 1114 repugnate
1156 1031 1245 1112 quasi
1273 1031 1385 1095 bestiae

260 1129 503 1212 crudelissimae,
519 1133 624 1197 odium
640 1133 728 1196 uelut
743 1152 899 1198 uenenum
917 1134 1110 1198 mortiferum
1127 1134 1165 1198 de
1181 1135 1273 1199 corde
1289 1137 1385 1198 uestro

260 1235 399 1317 repellite
422 1239 454 1300 et
480 1239 568 1300 tanta
590 1238 631 1300 sit
657 1237 690 1300 in
712 1237 801 1301 uobis
825 1239 947 1318 caritas,
975 1257 1054 1320 quae
1081 1257 1142 1302 non
1170 1239 1273 1304 solum
1297 1257 1385 1320 usqne

261 1339 299 1402 ad
327 1340 444 1404 amicos
472 1342 526 1404 sed
554 1341 647 1406 etiam
675 1341 714 1404 ad
746 1341 828 1425 ipsos
856 1342 997 1406 inimicos
1024 1343 1201 1424 perueniat,
1230 1347 1268 1407 ut
1295 1339 1386 1406 securi

259 1443 386 1525 possitis
410 1444 509 1508 dicere
537 1445 568 1508 in
592 1445 729 1510 oratione
752 1447 920 1510 dominica:
951 1447 1099 1510 dimitte
1130 1445 1237 1510 nobis
1269 1445 1387 1510 debite

210 1572 235 1610 10
261 1551 389 1612 nostra
412 1551 447 1612 et
469 1553 601 1613 cetera.
640 1569 713 1614 nem
736 1550 790 1632 qui
813 1551 871 1614 scit
894 1569 927 1614 se
949 1551 1001 1614 uel
1024 1569 1123 1614 unum
1145 1550 1306 1614 bominem
1325 1549 1386 1614 odio

260 1651 386 1732 habere,
417 1655 521 1718 nescio
553 1655 580 1718 si
611 1655 650 1718 ad
677 1655 774 1718 altare
804 1655 921 1718 domini
952 1673 1079 1718 securus
1110 1655 1209 1737 possit
1238 1654 1385 1732 accedere,

260 1759 423 1841 praecipue
451 1777 522 1822 cnm
545 1757 655 1823 beatus
683 1759 838 1824 Iohannes
862 1759 1055 1842 euangelista
1081 1759 1259 1823 terribiliter
1282 1759 1388 1822 clamet

262 1865 294 1926 et
316 1863 412 1926 dicat:
436 1863 499 1944 qui
521 1863 677 1926 fratrem
701 1881 805 1927 sunm
828 1863 915 1943 odit,
938 1863 1123 1927 homicida
1145 1865 1210 1926 est.
1255 1863 1318 1926 iam
1339 1879 1387 1923 ue·

262 1969 363 2030 strum
386 1971 434 2030 est
460 1967 609 2048 iudicare,
640 1971 746 2031 utrum
773 1965 943 2048 homicida,
973 1971 1143 2048 antequem
1169 1967 1386 2049 paenitentiam

210 2093 236 2133 xe
262 2074 345 2154 agat,
371 2089 570 2154 praesumere
593 2072 704 2136 debeat
726 2072 945 2136 eucharistiam
968 2071 1114 2153 accipere.
1159 2070 1279 2134 eddidit
1300 2070 1386 2133 etiam

262 2175 364 2239 adhuc
380 2179 505 2240 sanctus
528 2175 683 2240 Iohannes
704 2179 736 2239 et
751 2176 866 2240 elamat
882 2175 1001 2239 dicens:
1026 2175 1087 2256 qui
1111 2175 1267 2238 fratrem
1289 2190 1387 2238 sunm

263 2279 354 2360 odit,
377 2280 414 2344 in
438 2280 604 2345 tenebris
628 2285 685 2344 est
708 2285 741 2345 et
764 2281 801 2344 in
824 2279 991 2345 tenebris
1015 2279 1182 2342 ambulat
1206 2283 1241 2343 et
1263 2277 1386 2352 nescit,

263 2400 332 2465 qno
363 2385 483 2464 uadit,
519 2386 689 2466 quoniam
726 2383 905 2448 tenebrae
939 2383 1238 2446 obcaecancrunt
1266 2381 1387 2446 oculos

265 2488 358 2567 eins,
382 2493 414 2552 et
436 2489 551 2554 iterum
566 2489 680 2570 inquit:
705 2489 836 2568 omnis,
861 2487 922 2569 qui
945 2487 1098 2552 fratrem
1122 2505 1227 2550 saum
1251 2504 1320 2550 nou
1343 2483 1388 2546 di·

211 2612 237 2650 ro
264 2593 363 2677 ligii,
387 2593 552 2657 manebit
574 2594 610 2658 in
633 2597 765 2672 morte,
794 2593 979 2656 etiterum:
1008 2592 1039 2655 si
1063 2592 1144 2672 quis
1167 2591 1303 2654 dixerit
1324 2587 1388 2672 (de)

265 2717 317 2778 se,
341 2698 436 2778 qnod
458 2698 565 2762 deum
588 2698 731 2782 diligit,
759 2701 795 2761 et
816 2697 971 2760 fratrem
996 2715 1100 2759 sunm
1123 2695 1214 2776 odit,
1243 2693 1388 2758 mendax

265 2804 331 2866 est.
366 2803 427 2884 qui
455 2803 550 2866 enim
578 2821 649 2867 non
672 2802 799 2886 diligit
826 2801 981 2864 fratrem
1004 2819 1124 2880 suum,
1151 2817 1259 2882 quem
1281 2797 1386 2874 uidet,

265 2905 384 2987 deum,
408 2925 514 2988 quem
538 2925 608 2971 nou
631 2906 750 2986 uidet,
774 2905 953 2988 quomodo
977 2907 1100 2987 potest
1119 2903 1297 2987 diligere?
1325 2899 1387 2982 qui-

265 3029 399 3093 cumque
426 3029 499 3095 ergo
529 3012 635 3075 odium
665 3011 715 3074 uel
746 3009 934 3074 iracundiam
965 3013 1071 3072 seruat
1099 3009 1130 3071 in
1158 3007 1251 3071 corde
1278 3009 1308 3070 et
1333 3002 1385 3068 sub

212 3131 238 3171 2⁵
264 3115 320 3179 teli
343 3116 479 3180 tonitruo
494 3134 552 3179 nec
574 3119 707 3180 terretur
730 3133 787 3178 nec
802 3113 1050 3196 exspergiscitur,
1074 3130 1135 3176 non
1151 3111 1316 3190 dormiens,
1339 3105 1386 3170 sed

265 3222 406 3284 mortuus
430 3238 498 3284 esse
521 3219 691 3284 credendus
714 3222 771 3282 est.

307 3325 393 3389 Haec
416 3343 499 3408 ergo,
521 3325 632 3388 fratres
656 3322 859 3404 dilectissimi,
882 3321 1009 3386 adsidue
1032 3321 1215 3403 cogitantes
1243 3318 1296 3401 qui
1319 3312 1386 3380 boni

266 3432 348 3510 sunt,
372 3447 443 3493 cum
459 3429 508 3493 dei
527 3429 628 3513 gratia
642 3427 830 3494 contendant
852 3443 1051 3510 perseuerare
1073 3424 1105 3488 in
1128 3421 1219 3488 bonis
1242 3419 1386 3508 operibus

368 3611 396 3680 9]
414 3611 510 3665 Matth.
530 3613 608 3674 6,12.
661 3610 704 3679 13]
726 3612 738 3664 l
758 3608 849 3662 Ioann.
867 3607 892 3670 3,
906 3608 944 3661 15.
1001 3605 1043 3676 16]
1064 3607 1076 3660 1
1095 3603 1188 3660 Ioann.
1210 3606 1235 3666 2,
1258 3605 1298 3659 11.
1348 3595 1386 3664 19]

268 3702 280 3756 1
300 3695 429 3767 loannil,
443 3701 483 3754 14.
537 3697 582 3766 20]
604 3699 616 3753 1
636 3696 727 3750 Ioann.
740 3698 765 3758 l,
778 3697 818 3749 20.

310 3856 485 3914 1dilectiemi
504 3857 533 3910 D
585 3820 761 3910 2miserimis
779 3853 808 3906 D
865 3849 1199 3916 Squotieusqumcumque
1218 3845 1248 3900 D
1302 3839 1387 3897 treli-

266 3945 341 4014 quias
359 3946 388 4000 D
441 3941 588 3997 caelebrare
608 3943 637 3996 D
690 3938 817 4008 disponiti
835 3939 865 3992 D
918 3935 1049 4006 ebrietati
1066 3935 1096 3988 D
1152 3925 1388 3986 derudiliesimeD

265 4032 347 4086 hodii
366 4033 395 4086 D
460 4033 548 4097 ique
570 4029 599 4083 D
663 4026 813 4082 9dcmitto
832 4026 861 4079 D
926 4025 959 4078 10
977 4020 1057 4074 hodio
1075 4021 1104 4074 D
1169 4019 1202 4074 12
1225 4011 1389 4071 iohannisD

267 4119 365 4174 clamat
382 4121 410 4171 D
475 4121 506 4172 15
526 4113 637 4169 addedit
654 4115 684 4168 D
746 4115 778 4168 16
796 4109 917 4165 iohannis
936 4111 966 4164 D
1027 4109 1059 4162 18
1077 4103 1185 4159 tenebre
1203 4105 1233 4160 D
1290 4101 1387 4156 obcoec-

266 4206 405 4264 ucruntD
450 4207 481 4260 19
493 4201 587 4270 inquid
605 4203 635 4256 D
697 4199 831 4267 dilegitD
892 4199 927 4252 20
940 4195 972 4248 de
989 4193 1097 4260 addidi,
1115 4209 1165 4248 cm.
1180 4191 1218 4260 D,
1241 4189 1274 4244 de
1295 4204 1321 4242 se
1342 4203 1387 4242 on·
1441 4261 1442 4264 Ἴ

266 4296 338 4364 Aac.
351 4295 428 4348 Marc.
495 4291 527 4346 21
547 4288 641 4357 dilegit
659 4289 688 4344 D
745 4288 778 4342 22
797 4283 892 4353 dilegit
910 4285 939 4338 D
990 4281 1024 4336 23
1043 4277 1158 4347 dilegere
1176 4278 1207 4332 D
1258 4277 1291 4332 25
1308 4270 1388 4328 thoni·
1441 4287 1442 4292 ¹

267 4384 326 4438 truc
345 4381 375 4434 D
426 4391 562 4448 exsperges
580 4375 665 4444 igitur
682 4375 711 4428 D
764 4374 798 4428 28
815 4366 1009 4442 perseuemrellll
1027 4367 1056 4422 D
1074 4365 1142 4434 (act
1159 4363 1278 4419 neritia
1293 4360 1356 4430 rue.)
1441 4383 1442 4452 }
