2954 4930
258 411 321 476 336
701 412 766 466 ΠΠ.
785 411 894 466 Sermo
912 415 954 470 28.

257 588 379 653 terioris
412 589 676 671 pulchritudinem
715 589 827 652 mentis
867 589 982 654 candor
1016 588 1177 654 effuderat.
1231 590 1286 654 tali
1320 609 1393 654 eum

257 693 346 757 uultu
363 713 404 754 aa
419 693 596 775 praesentia
612 693 726 776 angeli,
742 693 792 774 qni
809 693 930 758 uiderat
944 695 1054 758 faciem
1071 694 1129 758 dei.
1164 694 1307 758 uiderunt
1321 713 1393 777 ergo

257 798 364 861 Iudaei
387 798 498 861 faciem
524 798 588 861 eius
605 801 765 880 tamquam
783 799 895 862 faciem
911 799 1024 882 angeli.
1054 817 1169 882 magna
1184 797 1393 862 damnationis

257 906 306 966 est
328 903 437 984 portio,
461 902 487 966 si
510 902 613 984 impiis
637 903 738 966 scelus
762 921 854 966 suuni
870 903 1012 985 ignorare
1036 922 1098 967 non
1113 904 1214 967 liceat.
1249 903 1393 967 uiderunt

217 1035 230 1074 s
257 1007 367 1070 faciem
393 1007 457 1070 eins
481 1009 642 1088 tamquam
666 1008 788 1071 nultum
812 1008 926 1090 angeli,
949 1011 985 1071 ιιι
1007 1008 1143 1072 fructum
1166 1007 1227 1071 odii
1251 1008 1309 1086 sui,
1337 1008 1396 1070 sed

257 1111 296 1175 ad
320 1111 509 1175 monendum
533 1129 642 1192 capere
670 1131 731 1176 non
761 1115 900 1193 possent.
946 1113 1020 1175 dum
1049 1113 1144 1176 etiam
1174 1112 1205 1176 in
1236 1113 1396 1194 praesenti

256 1215 387 1298 gloriam
416 1215 491 1296 eius,
522 1233 614 1296 quern
643 1219 888 1298 persequuntur,
923 1216 1103 1298 inspiciunt,
1137 1235 1158 1279 ιι
1198 1233 1296 1298 paene
1329 1216 1395 1279 iarn

256 1323 377 1400 partem
401 1338 455 1400 per
478 1319 582 1382 oculos
614 1319 801 1402 exciperent,
833 1319 907 1384 dum
939 1339 1021 1400 enm,
1052 1339 1145 1401 quem
1173 1338 1228 1401 per
1256 1321 1395 1384 furorem

257 1441 348 1486 suurn
372 1424 569 1506 gratulantur
593 1424 758 1506 exstingui,
782 1443 837 1506 per
860 1424 1065 1488 ministerium
1089 1442 1180 1487 suum
1205 1423 1397 1506 intellegunt

206 1555 230 1592 ιο
256 1528 437 1607 consecrari,
462 1527 607 1590 uiderunt
631 1527 741 1590 faciem
766 1528 841 1590 eius.
880 1528 934 1608 qui
957 1528 1028 1591 telis
1052 1528 1193 1610 apparuit
1215 1527 1246 1590 in
1267 1528 1396 1610 proelio,

256 1635 412 1713 putamus,
436 1631 537 1713 qualis
558 1631 719 1714 apparebit
733 1633 766 1695 in
781 1635 898 1714 regno?
923 1635 977 1696 aut
1001 1631 1052 1696 ille
1075 1632 1257 1696 meritorum
1278 1631 1397 1696 arbiter

256 1735 342 1815 deus,
366 1736 418 1816 qui
442 1737 498 1799 tali
522 1736 707 1798 morientem
731 1737 833 1818 speeie
857 1736 1025 1815 decorauit,
1049 1736 1143 1816 quali,
1166 1739 1268 1818 putas,
1284 1735 1396 1800 induet

255 1843 492 1922 resurgentem?
536 1840 673 1922 positis
697 1844 819 1904 autem
842 1841 1002 1922 genibus
1025 1841 1148 1904 orauit
1167 1839 1309 1903 dicens:
1333 1839 1397 1904 do-

257 1945 363 2024 mine,
394 1964 437 2008 ne
468 1947 613 2007 statuas
641 1944 719 2008 illis
750 1945 817 2008 hoc
847 1949 1050 2027 peccatum.
1096 1943 1196 2008 libens
1228 1962 1283 2026 pro
1306 1946 1395 2007 necis

204 2077 228 2114 ιι
256 2067 329 2112 suae
353 2047 529 2112 auctoribus
557 2049 693 2112 moriens
721 2047 877 2129 exorabat,
905 2049 977 2130 quia
1004 2067 1074 2112 eum
1102 2049 1255 2132 pretiosae
1282 2049 1396 2111 mortis

255 2153 353 2235 gloria
387 2171 448 2216 non
482 2153 610 2216 latebat.
657 2153 791 2234 domine,
825 2173 864 2216 ne
895 2157 1016 2217 statuas
1050 2153 1111 2216 illis
1134 2153 1193 2216 hoc
1215 2156 1394 2234 peccatum.

255 2261 397 2340 putasne,
432 2258 513 2339 quod
548 2257 607 2320 iste
642 2259 834 2322 intercedere
868 2275 1017 2338 umquam
1052 2275 1106 2340 pro
1141 2256 1395 2340 supplicantibus

254 2362 384 2441 desinet,
418 2362 471 2443 qui
506 2380 561 2444 pro
591 2361 841 2443 persecutoribus
876 2362 1084 2445 supplicauit‘?
1129 2362 1181 2443 qui
1217 2361 1300 2426 saxis
1334 2361 1395 2426 hoc

253 2465 395 2545 reddidit,
423 2467 496 2548 quid
523 2466 675 2532 retribuet
703 2467 806 2530 uotis?
851 2467 904 2548 qui
927 2465 1083 2548 lapidatus
1110 2466 1289 2546 interuenit,
1317 2467 1394 2547 qnid

202 2597 228 2636 eo
255 2570 347 2634 faciet
369 2571 553 2635 innodatus?

297 2675 390 2738 Hunc
413 2693 486 2758 ergo
510 2693 571 2738 non
595 2675 751 2755 nobilitas
780 2693 841 2738 non
866 2674 1008 2754 facultas
1036 2675 1090 2738 sed
1114 2673 1190 2738 fides
1218 2675 1268 2738 dei
1291 2675 1393 2740 tilium

255 2783 348 2860 atque
372 2781 519 2862 angelum
543 2780 627 2858 fecit,
651 2779 830 2843 credentem
854 2781 960 2861 utique
983 2779 1015 2844 in
1038 2783 1161 2861 patrem
1184 2783 1215 2842 et
1238 2779 1337 2842 tilium
1362 2787 1394 2843 et

254 2884 400 2965 spiritum
423 2887 576 2948 sanctum.
622 2884 654 2946 in
677 2883 736 2947 hac
752 2885 800 2947 dei
823 2883 1017 2948 confessione
1040 2902 1098 2948 nec
1121 2901 1216 2946 manu
1240 2902 1297 2946 nec
1316 2884 1394 2948 solis

254 2986 344 3050 labiis
369 2988 422 3050 sed
447 2987 597 3070 sanguine
621 2987 804 3071 subscripsit
827 2992 858 3052 ct
881 2991 980 3052 morte
1003 2988 1127 3053 iurauit.

202 3119 228 3158 ss
298 3090 356 3154 Sed
384 3091 475 3154 dicis:
509 3093 595 3156 nulla
621 3093 846 3176 scripturarum
870 3093 1038 3156 auctoritas
1062 3093 1207 3174 loquitur,
1235 3096 1271 3156 nt
1292 3093 1395 3156 honor

255 3195 444 3277 martyribus
468 3196 633 3260 deteratur.
680 3200 711 3260 et
733 3196 786 3260 ubi
809 3201 867 3277 est,
890 3197 971 3278 quod
995 3197 1145 3278 propbeta
1167 3215 1222 3278 per
1245 3196 1395 3279 spiritum

253 3303 396 3363 sanctum
427 3303 631 3382 protestatur:
663 3301 751 3364 mihi
781 3305 905 3364 autem
935 3299 1043 3364 ualde
1066 3299 1272 3364 honorandi
1303 3307 1395 3364 sunt

253 3403 361 3467 amici
385 3405 448 3484 tui,
473 3405 583 3468 deus?
622 3406 772 3469 maiorem
796 3406 841 3469 eis
864 3406 1014 3469 honorem
1037 3403 1180 3468 exhibere
1200 3422 1261 3468 non
1277 3406 1395 3486 potuit,

253 3526 347 3590 quam
382 3527 433 3572 eos
468 3509 583 3572 amicos
614 3509 663 3572 dei
697 3511 925 3592 pronuntiaret,
961 3527 1055 3592 quam
1090 3509 1121 3574 in
1158 3527 1265 3574 eorum
1298 3510 1394 3574 uultu

201 3640 226 3678 ιι
253 3613 347 3676 deum
363 3632 396 3676 sc
419 3613 558 3677 crederet
580 3614 740 3678 honorare.
780 3614 857 3678 mihi
880 3617 986 3678 autem
1009 3613 1100 3678 ualde
1122 3614 1291 3678 honorandi
1314 3619 1396 3680 sunt

253 3718 345 3781 amici
361 3719 416 3798 tui,
440 3718 527 3798 deus,
550 3718 608 3782 hoc
628 3722 686 3798 est,
708 3722 772 3799 tua,
796 3718 930 3798 domine,
953 3717 1106 3782 beneficia
1128 3718 1159 3782 in
1176 3723 1298 3784 tuorum
1321 3737 1396 3782 rne-

252 3821 319 3886 ritis
343 3822 523 3905 amplector,
546 3826 601 3887 tua
624 3841 755 3887 munera
776 3823 936 3886 incorum
951 3822 1122 3886 uirtutibus
1145 3823 1279 3886 admiror
1300 3825 1336 3886 ct
1361 3825 1397 3888 in

358 4012 402 4081 rs]
420 4012 480 4066 nec.
494 4015 518 4077 ι,
531 4015 573 4068 eo.
626 4011 672 4082 aa]
691 4011 789 4066 esum.
805 4013 863 4076 ras,
877 4015 917 4068 ιι.

295 4187 311 4242 2
330 4187 404 4244 tectu
422 4192 566 4256 eorneptoa
618 4189 635 4241 3
653 4185 851 4256 dampnationis
870 4187 897 4240 P
947 4189 964 4241 6
982 4189 1091 4256 possent
1107 4187 1215 4257 scripsi,
1236 4184 1345 4254 possint
1371 4193 1401 4246 P

253 4277 296 4360 ¹2,
304 4274 375 4342 quali
393 4276 500 4344 scripsi,
518 4272 604 4340 qualis
622 4275 649 4328 P
719 4277 751 4330 18
769 4273 1005 4343 persequutoribus
1028 4275 1056 4328 P
1123 4275 1157 4330 30
1179 4273 1256 4326 deum
1276 4277 1399 4348 accipet,

252 4359 298 4413 dni
318 4361 344 4414 P
394 4363 428 4415 32
446 4360 573 4414 ammiror
591 4361 619 4414 P
