2920 4930
562 414 658 469 Liber
676 415 690 468 1
709 419 731 471 1.
1177 415 1213 477 ll

96 590 205 654 initium
227 591 330 672 ducat,
362 609 422 656 uon
449 592 550 674 possit
573 591 697 674 agnosci
725 609 760 654 ac
784 590 829 654 sic
850 589 979 655 liberius
1003 589 1146 654 adfirmet
1168 589 1217 654 in·

96 694 182 758 lantes
204 715 282 760 nexu
299 694 427 779 originis
451 715 512 760 non
536 696 645 759 teneri.
676 695 757 776 quod
774 713 845 758 cum
862 694 947 774 dicit,
970 693 1084 776 duplici
1106 694 1217 776 impie-

94 802 149 862 tate
169 799 371 882 blasphemat,
395 800 518 864 dumet
540 804 673 864 mortem
697 801 735 863 ad
759 799 892 863 auctoris
916 798 1068 862 inuidiam
1090 801 1217 862 reuocat

95 906 120 964 et
147 904 280 987 negando
312 903 463 988 originale
497 905 656 968 uinculum
690 903 825 987 gratiam
856 903 1041 986 reparatoris
1076 905 1214 966 euacuat.

94 1007 183 1088 itaque
209 1011 242 1072 ut
268 1012 376 1090 posset
398 1025 537 1072 asserere
560 1009 707 1091 paruulos
729 1007 888 1091 baptismo
911 1025 973 1072 nou
997 1025 1098 1090 egere,
1120 1025 1216 1090 gene·
1254 1028 1267 1066 e

92 1111 148 1174 ralo
172 1116 333 1194 peccatum
361 1113 497 1196 negauit.
537 1130 597 1194 quo
625 1115 738 1196 negato
766 1112 816 1175 hio
843 1111 916 1176 ordo
940 1110 1050 1175 erroris
1074 1111 1122 1175 sui
1145 1109 1215 1191 fuit,

93 1219 131 1294 ut,
153 1216 228 1280 undo
244 1234 328 1280 mors
345 1219 429 1280 esset
443 1219 602 1300 generata,
626 1216 766 1280 nesciret.
796 1215 870 1298 quid
886 1216 1001 1279 mirum
1024 1214 1051 1278 si
1074 1213 1215 1278 arborem

92 1317 219 1384 illumin
241 1319 396 1384 fructibus
420 1337 482 1384 non
505 1324 664 1404 agnoscat,
688 1337 782 1402 quarn
806 1320 905 1384 noluit
926 1319 958 1383 in
981 1319 1084 1383 radice
1103 1335 1216 1402 cogno·

92 1427 186 1487 scere?
218 1425 470 1507 quandoquidem
496 1443 623 1488 caueam
647 1424 786 1488 uulneris
810 1423 976 1507 subprimit
998 1426 1029 1487 et
1052 1422 1216 1487 abscondit

91 1527 224 1609 gladium,
239 1547 299 1610 qno
313 1529 427 1592 uulnus
440 1528 592 1592 inflictum
606 1532 662 1592 est.
684 1528 926 1612 stipendium,
943 1527 1055 1610 inquit,
1071 1527 1215 1610 peccati
1244 1551 1268 1589 10

92 1649 185 1696 mors.
215 1633 288 1716 quia
306 1633 487 1717 intellegere
504 1633 640 1717 neglexit
655 1633 735 1697 tanti
751 1633 922 1716 prinoipem
939 1632 1024 1712 mali,
1044 1632 1112 1696 ideo
1127 1633 1216 1716 igno·

90 1736 162 1799 rauit
180 1737 346 1820 inpositam
362 1737 471 1802 mortis
487 1737 695 1801 conditionem
718 1737 918 1820 pedisequam
935 1755 1002 1800 esso
1025 1737 1154 1819 peccati,
1178 1736 1215 1800 da

91 1857 144 1919 qua
163 1841 291 1923 praefati
315 1859 437 1905 sumus:
462 1841 692 1924 stipendium
714 1842 860 1924 peccati
882 1857 988 1904 more.
1023 1840 1151 1924 dignam
1167 1859 1216 1903 se·
1277 1881 1279 1886 ν

90 1943 213 2008 cundum
235 1946 299 2009 tale
315 1963 392 2028 opus
409 1946 584 2009 mercedem
600 1945 726 2028 recepit,
750 1946 811 2009 tale
827 1945 1018 2028 stipendium
1034 1944 1148 2008 meruit
1162 1943 1215 2025 qui

91 2047 200 2113 diabolo
215 2049 370 2113 militauit.
400 2049 481 2113 unde
497 2067 554 2113 uas
571 2049 729 2113 electionis
750 2048 983 2114 euidentissime
998 2051 1151 2112 rationem
1166 2067 1214 2110 re·
1243 2069 1266 2109 a

90 2149 264 2235 demptionis
287 2153 423 2217 ostendit
445 2157 476 2216 at
490 2152 649 2235 praedicat
664 2153 784 2216 dicens:
808 2153 893 2234 quid
917 2153 1028 2233 euim,
1052 2171 1132 2216 oum
1156 2153 1214 2216 ad-

89 2253 149 2318 hoc
171 2256 311 2321 infirmi
328 2275 509 2336 essemus,
533 2257 704 2322 christus
721 2275 786 2340 pro
801 2256 928 2338 impiis
952 2261 1119 2321 mortuus
1136 2259 1213 2320 est?

90 2359 141 2422 uix
162 2361 256 2425 enim
279 2379 343 2445 pro
367 2361 466 2426 iusto
490 2360 571 2443 quis
596 2361 761 2425 moritur.
796 2361 854 2426 hoc
871 2360 1049 2425 estdioere:
1073 2361 1100 2424 si
1115 2359 1215 2426 abun·

89 2461 182 2528 dasset
197 2465 227 2528 in
244 2465 335 2530 terris
352 2465 483 2544 iustitia,
499 2483 561 2530 non
577 2465 689 2529 luisset
706 2484 722 2527 e
738 2465 833 2528 caelis
849 2465 1035 2529 transmissa
1050 2465 1213 2530 medicina.

90 2567 136 2630 sed
157 2572 191 2632 ut
212 2569 375 2633 adueniret
397 2569 490 2632 unica
513 2569 641 2648 sanitas,
665 2569 820 2652 generalis
844 2570 946 2653 exegit
967 2569 1142 2634 infirmitas.
1240 2591 1266 2628 eo

126 2671 207 2737 Inter
226 2674 303 2738 haec
323 2692 394 2737 oum
414 2673 560 2757 Pelagius
577 2674 673 2738 tantis
695 2674 928 2757 sacrilegiorum
949 2675 1082 2739 uinculis
1103 2675 1214 2758 inlige-

90 2779 142 2854 tur,
168 2797 227 2842 nou
255 2778 369 2842 mirum
398 2777 425 2842 si
451 2797 506 2860 per
530 2777 696 2860 reprobum
726 2797 853 2842 sensum
883 2779 1046 2862 multiplici
1074 2779 1214 2843 tradatur

90 2883 182 2962 errori,
205 2883 258 2964 qui
282 2901 316 2946 se
338 2901 394 2964 por
417 2883 519 2946 solum
541 2881 680 2947 laborem
707 2885 797 2966 putat
818 2902 909 2967 posse
932 2884 1056 2948 saluari.
1103 2884 1213 2948 merito

89 2987 184 3049 contra
210 2986 303 3050 huius
327 2985 523 3070 arrogantiae
550 2987 835 3070 praesumptionem
864 3005 966 3051 sermo
995 2987 1119 3052 diuinus
1147 2987 1211 3051 uim

89 3105 153 3151 snae
167 3091 360 3154 auctoritatis
376 3091 426 3154 uel
442 3090 662 3173 increpationis
680 3091 828 3155 exseruit:
848 3109 963 3172 nemo,
980 3093 1091 3175 inquit,
1108 3093 1213 3156 uenit
1240 3111 1265 3152 a

89 3191 202 3274 adme,
226 3193 299 3258 nisi
322 3197 426 3277 pater
449 3193 654 3258 adtraxerit
677 3213 771 3274 eum,
796 3195 971 3260 etiterum:
995 3215 1065 3261 non
1088 3197 1213 3260 uolen-

89 3295 130 3358 tis
151 3315 265 3380 neque
288 3299 488 3378 currentis,
512 3299 576 3362 sed
592 3299 810 3363 miserentis
834 3303 891 3364 est
913 3299 979 3364 dei.
1004 3300 1085 3383 qnod
1102 3301 1212 3364 merito

88 3399 120 3461 ad
144 3421 175 3464 se
197 3403 316 3466 dictum
344 3421 413 3467 esse
434 3401 607 3486 reputabit,
635 3403 688 3484 qui
711 3403 845 3467 salutem
874 3423 963 3468 suam
990 3423 1062 3468 cum
1084 3404 1211 3488 Pelagio

88 3505 198 3586 propria
227 3508 259 3572 iu
291 3507 453 3571 uoluntate
489 3524 525 3570 ao
554 3507 670 3571 uirtute
700 3507 872 3572 coustituit.
918 3507 1000 3590 quod
1030 3507 1135 3590 utique
1166 3509 1212 3572 illi

88 3605 157 3672 obici
178 3629 238 3674 non
261 3629 391 3675 necesse
414 3615 472 3691 est,
500 3612 552 3692 qui
575 3627 638 3675 uon
661 3611 698 3675 de
726 3611 790 3676 solo
813 3610 918 3676 labore
945 3612 1128 3694 praesumit,
1156 3613 1210 3676 sed
1238 3631 1264 3670 eo

88 3715 236 3778 conatibus
259 3715 324 3780 suis
348 3715 535 3779 cotidianam
558 3715 608 3778 dei
630 3715 874 3779 misericordiam
899 3719 930 3779 et
953 3716 1056 3799 iugem
1076 3717 1210 3799 gratiam

180 3869 221 3939 16]
240 3869 317 3922 Rom.
337 3871 361 3932 5,
375 3872 391 3923 6
403 3885 441 3937 sq.
495 3869 541 3938 25]
561 3868 652 3923 Ioanu.
672 3872 696 3932 d,
708 3871 749 3924 44.
804 3869 849 3938 26]
869 3869 944 3923 Rom.
964 3871 988 3934 9,
1004 3872 1042 3925 16.

125 4005 213 4062 lxiP
257 4007 411 4062 adfirmata
458 4007 602 4077 2originas
616 4009 643 4062 P
688 4011 804 4076 5possot
815 4010 922 4079 scripsi,
940 4009 1025 4078 possit
1037 4028 1059 4077 o,
1073 4009 1171 4077 positas
1185 4009 1212 4062 P

88 4105 159 4145 serere
176 4095 202 4147 P
281 4097 314 4150 10
337 4093 429 4162 inquid
449 4095 476 4148 P
546 4097 578 4150 13
604 4097 687 4150 mbo
713 4094 876 4164 stipendium
902 4096 1003 4164 peccati
1031 4111 1101 4148 mors
1128 4096 1209 4149 iader-

86 4177 167 4240 potato
184 4197 237 4236 ecce
254 4181 384 4236 uiderrtro·
438 4184 470 4236 14
488 4181 582 4250 recipit
600 4183 628 4235 P
682 4185 713 4237 15
736 4181 843 4235 diabulo
863 4185 889 4236 P
936 4185 967 4238 18
985 4181 1166 4236 habundasset
1184 4183 1212 4236 P

88 4263 112 4316 21
130 4266 322 4336 sacrilegiorum
342 4269 369 4322 P
435 4271 469 4324 23
497 4285 524 4323 se
551 4285 639 4326 omo
709 4271 742 4326 28
769 4269 904 4338 reputauit
930 4289 953 4340 o,
980 4287 1018 4326 aa
1044 4269 1209 4341 reputauerit

88 4351 261 4412 coemam
