2954 4930
539 441 605 496 1111.
625 442 734 496 Sermo
752 445 793 497 27.
1172 443 1235 508 333

93 622 142 682 tot
163 617 295 684 uincula
312 619 395 682 circa
417 637 450 682 se
474 619 613 682 sentiens
637 637 752 702 negare
773 619 899 682 incertis
923 617 1017 682 fidem
1040 619 1152 682 statuit
1179 637 1236 682 nec

92 722 274 786 consentire
298 741 331 786 se
347 740 439 805 posse
455 722 605 787 defininit.
644 726 679 786 ut
702 723 733 786 in
758 722 885 786 lubricis
902 723 1028 805 quidem
1050 722 1143 788 malis
1167 723 1235 786 idco

92 827 228 892 iocunda
251 827 430 908 creduntur,
462 828 536 910 quia
558 829 619 892 cito
643 828 730 892 uelut
757 831 882 892 ostenso
910 829 957 892 sui
980 826 1054 892 flore
1077 831 1236 911 pertrans·

92 935 182 1012 eunt,
216 932 293 996 haec
323 933 391 996 ideo
422 933 467 996 illi
497 932 599 1016 magis
633 936 778 1014 suspecta
810 937 908 1012 erant,
943 933 1016 1015 quia
1050 936 1235 998 sectatorem

93 1055 191 1100 suum
214 1037 318 1120 specie
340 1037 479 1121 capiunt,
507 1038 668 1120 uoluptate
695 1037 840 1119 perdunt,
868 1037 1027 1101 celeritate
1051 1037 1234 1102 destituunt.
1275 1063 1288 1102 a

138 1141 347 1206 Considerans
371 1142 473 1224 itaque
496 1142 645 1205 uniuersa
660 1141 776 1206 saeculi
792 1142 966 1224 praesentis
989 1142 1095 1206 inania
1117 1145 1149 1205 et
1164 1145 1235 1206 ante

90 1245 202 1309 oculos
226 1263 298 1309 suos
322 1245 471 1329 colligens
495 1246 600 1327 eisque
624 1247 711 1310 uelut
734 1247 771 1310 de
795 1247 966 1328 sapientiae
989 1264 1059 1310 arce
1082 1247 1236 1328 despectis

92 1354 126 1412 et
153 1347 212 1412 sub
236 1353 433 1413 aeternorum
457 1351 689 1433 comparatione
715 1351 747 1414 in
776 1349 908 1414 nihilum
932 1351 1102 1432 repudiatis
1131 1369 1235 1414 secum

90 1453 179 1537 apud
203 1451 296 1517 tidem
320 1471 409 1518 suam
434 1455 606 1518 uoluntatis
630 1452 894 1518 consolationibus
918 1458 949 1531 et
969 1455 1235 1519 conlocutionibus

90 1557 237 1621 infusum
266 1559 327 1622 iam
356 1559 413 1622 deo
440 1563 548 1640 pectus
576 1557 723 1622 armauit:
753 1559 829 1622 nihil
857 1559 934 1621 milri
961 1559 1044 1622 ultra
1071 1577 1236 1623 commune
1265 1587 1290 1624 ιο

91 1662 265 1726 manifeste
289 1667 404 1742 tecum,
432 1663 552 1726 fallacis
580 1663 689 1727 mundi
716 1663 816 1746 ligura
843 1663 1043 1745 praeteriens.
1090 1663 1148 1726 hoc
1175 1681 1236 1726 uno

89 1785 212 1850 genere
232 1767 395 1848 adquiram
415 1767 579 1830 uictoriam
596 1767 836 1848 derelinquendo
853 1771 884 1830 te
900 1786 957 1830 nee
973 1768 1095 1830 incurso
1112 1787 1236 1830 rursum

91 1871 249 1934 damnum
278 1875 309 1934 et
332 1890 387 1953 per
410 1890 501 1934 usum
526 1872 571 1935 tui
595 1872 734 1954 palmam
762 1871 799 1934 de
824 1876 853 1936 te
877 1872 980 1954 potius
1004 1871 1125 1954 capiam
1148 1889 1237 1953 prae-

90 1975 222 2038 lulsam.
269 1993 364 2056 quam
391 1975 467 2038 nihil
498 1995 530 2038 es
559 1979 591 2038 et
618 1979 769 2056 quantum
797 1976 960 2057 aliquoties
991 1976 1113 2039 panitas
1141 1981 1237 2038 terre-

90 2081 224 2142 norum!
263 2080 397 2143 multum
421 2080 584 2162 praecipis,
609 2080 684 2144 dum
707 2082 832 2160 teneris,
855 2081 909 2143 sed
929 2081 999 2162 plus
1016 2080 1138 2160 tribuis,
1162 2081 1235 2144 duur
1265 2106 1289 2143 ιδ

89 2183 279 2266 repudiaris.
332 2187 503 2250 sectatores
538 2188 608 2248 tuos
643 2185 781 2266 adpetita
815 2187 973 2267 captiuas,
1008 2189 1236 2266 contemptores

89 2293 165 2352 tuos
190 2287 338 2370 despecta
360 2288 516 2371 glorificas
539 2307 671 2372 magnas
695 2309 751 2372 per
773 2290 879 2354 odium
907 2307 942 2353 ac
965 2291 1071 2372 fugam
1095 2289 1140 2352 tui
1164 2307 1237 2352 con-

88 2393 202 2458 latura
224 2392 356 2456 diuitias.
400 2393 474 2474 quid
497 2394 607 2476 plura?
653 2393 734 2457 inter
757 2393 839 2457 uitae
862 2393 955 2456 huius
980 2394 1143 2476 naufragia
1164 2411 1237 2457 ocn-

89 2498 220 2560 clusum
252 2501 284 2560 et
313 2497 345 2560 in
377 2497 488 2560 mediis
511 2499 626 2562 saeculi
650 2497 796 2561 fluctibus
820 2499 954 2579 positum
986 2502 1018 2562 et
1049 2498 1135 2562 uelut
1165 2517 1237 2562 cum

90 2601 175 2664 Iona
198 2600 228 2662 in
252 2601 335 2664 illius
359 2600 559 2666 deuoratricis
584 2605 677 2682 atoue
700 2602 835 2665 inmanis
860 2601 976 2666 bestiae
1001 2601 1141 2665 lancibus
1165 2621 1237 2665 con·
1264 2629 1290 2666 20

89 2705 245 2769 stitutum
269 2704 308 2768 ad
331 2705 492 2768 dominnm
515 2706 553 2768 de
576 2705 728 2788 profundo
751 2707 940 2770 clamantem
965 2709 1108 2770 sanctum
1130 2705 1237 2788 Augu-

89 2810 220 2872 stinum
251 2809 368 2872 inuitus
398 2809 471 2874 licet
494 2809 631 2873 mundus
666 2810 784 2873 eucmit
817 2813 849 2872 et
876 2810 1066 2892 profectibus
1097 2810 1235 2872 omnium

91 2911 313 2992 ecclesiarum,
335 2931 467 2994 quarum
489 2913 679 2978 utilitatibus
694 2913 950 2996 praeparabatur,
974 2913 1087 2976 emisit.
1118 2917 1151 2977 et
1166 2914 1238 2994 quia

89 3019 176 3082 haec
197 3021 246 3080 est
266 3021 378 3081 natura
401 3017 538 3081 institiae
562 3021 655 3100 atque
679 3018 814 3098 uirtutis,
838 3021 882 3097 ut,
906 3021 1022 3099 quanto
1045 3017 1146 3080 studio
1170 3017 1237 3080 diu-

92 3123 164 3186 tius
188 3119 338 3185 abscondi
360 3125 456 3204 optat,
485 3125 571 3186 tanto
594 3122 708 3185 clarius
731 3122 907 3186 innotescet
929 3126 961 3186 et
983 3121 1148 3185 occultatio
1170 3122 1237 3203 ipsa
1264 3147 1290 3186 ec.
1365 3145 1373 3162 ·

88 3214 317 3308 proditio'sit‚
348 3225 465 3307 passim
495 3244 549 3307 per
579 3227 710 3308 populos
741 3227 865 3290 conscia
894 3229 1053 3290 tantorum
1085 3225 1237 3290 bonorum

89 3331 185 3394 fama
207 3327 360 3392 uolitabat
382 3332 414 3392 et
436 3329 529 3394 odore
552 3331 790 3394 amoenissimae
813 3330 978 3394 suauitatis
1001 3331 1093 3413 longe
1113 3331 1237 3411 lateque

89 3431 249 3516 fulgebat.
274 3432 432 3497 eminebat
447 3433 541 3498 etiam
566 3433 597 3498 in
613 3434 723 3498 humili
738 3433 805 3498 loco
829 3435 860 3498 in
877 3434 1080 3498 admiratione
1096 3435 1237 3498 omniurn

89 3539 187 3602 uelut
210 3536 321 3600 ciuitas
346 3555 439 3619 super
462 3537 613 3602 uerticem
638 3538 753 3602 montis
777 3537 916 3619 exposita
946 3556 1003 3602 nac
1026 3538 1087 3602 iam
1111 3539 1238 3602 lucerna

89 3643 221 3727 poterat
250 3641 348 3706 latere
379 3639 436 3706 snb
469 3643 571 3707 modio
601 3661 659 3706 nec
689 3642 897 3725 recipiebatur
931 3661 988 3707 nec
1019 3643 1238 3708 continebatur
1264 3667 1290 3706 eo
1403 3698 1404 3702 ,

88 3747 180 3812 intra
202 3743 369 3810 latibulum
392 3765 485 3812 suum
508 3745 669 3812 exundans
700 3747 800 3812 sidere
822 3748 930 3812 lumen
954 3746 1146 3830 magnitudo.
1192 3747 1237 3810 sic

137 3956 157 4009 5
176 3949 316 4022 uoluptate
333 3953 439 4023 aes-ipat,
458 3949 596 4008 aclunmte
614 3953 642 4007 P
693 3955 708 4008 ‘l
727 3952 807 4025 arche
825 3953 853 4008 P
904 3953 1038 4024 dispectae
1051 3955 1078 4010 P
1131 3955 1161 4010 11
1181 3969 1237 4008 ma-

88 4040 195 4096 nifeste
213 4041 302 4094 mcum
319 4040 427 4109 accipet,
445 4039 602 4094 manifestae
621 4055 682 4094 cum
701 4041 729 4095 P
780 4043 812 4097 12
831 4039 917 4095 cinere
930 4041 957 4096 P
1008 4041 1114 4094 incurso
1131 4043 1238 4110 acn'pai,

89 4129 208 4182 incursu
227 4125 255 4180 P
317 4127 350 4182 13
368 4125 516 4195 dampnum
534 4127 562 4180 P
625 4129 658 4182 14
676 4126 759 4180 nichil
777 4128 805 4182 P
862 4133 927 4197 post
945 4131 1109 4181 terrenorum
1127 4129 1237 4182 cabum

87 4214 229 4272 medem
244 4213 355 4268 uidam
408 4215 438 4268 l'l
452 4213 572 4282 dispecta
583 4213 611 4268 P
661 4215 695 4270 20
714 4213 802 4267 ianam
820 4215 848 4268 P
897 4215 931 4270 23
949 4214 1012 4282 quia
1029 4215 1185 4270 haec-lin.
1203 4219 1236 4268 31

89 4298 270 4370 magnitudo]
288 4303 323 4369 cs.
342 4301 440 4356 Euat.
458 4303 528 4356 bom.
547 4305 581 4356 34
603 4301 663 4366 (VI
680 4305 732 4355 655
748 4301 789 4368 D)
842 4303 876 4357 24
893 4301 1013 4354 iusticiae
1031 4301 1059 4354 P
1108 4303 1140 4357 31
1161 4303 1236 4355 sic-

85 4409 117 4460 p.
132 4391 227 4454 334,3
245 4385 344 4456 totam]
363 4389 398 4456 cf.
413 4387 510 4442 meo.
523 4388 593 4444 born
606 4391 641 4442 34
658 4387 776 4454 (Vlooe
788 4388 831 4454 Η)
