2920 4930
508 427 605 480 Liber
622 427 636 480 I
654 431 730 482 4-5.
1149 429 1187 491 19

72 601 130 664 uisi
156 621 217 685 per
247 603 362 667 fidem
394 603 534 668 Christi
565 603 664 684 Iesu,
696 607 732 667 et
762 622 826 668 nos
856 604 892 668 in
921 603 1069 668 Christo
1100 603 1185 668 Iesu

69 705 247 788 oredimus,
279 711 319 771 ut
348 707 602 771 iustilioemur
633 727 673 772 ex
704 708 778 772 tide
808 707 951 772 Christi
983 713 1018 772 et
1045 725 1115 772 non
1147 727 1185 771 ex

68 810 223 890 operibus
255 812 358 895 legis.
390 815 542 894 propter
573 811 669 892 quod
704 831 743 874 err
775 811 949 894 operibus
983 813 1080 895 legis
1115 831 1186 876 nou
1272 864 1282 884 .

66 913 326 980 iustificabitur
360 917 478 980 omnis
510 934 593 980 earo
624 933 746 980 noram
777 916 854 979 illo.
893 934 928 979 ao
963 917 1008 979 sio
1042 917 1186 980 euaouari

64 1035 142 1098 opera
163 1039 246 1085 error
270 1019 385 1102 impius
409 1020 494 1100 dixit,
518 1021 572 1084 sed
596 1039 674 1102 quae
698 1021 753 1083 illa
773 1023 879 1084 essent
895 1019 1001 1084 dolosa
1017 1021 1186 1084 calliditate
1226 1043 1238 1080 e

64 1121 231 1206 subpressit.
263 1143 346 1188 nuno
369 1142 442 1208 ergo
463 1125 590 1207 patieris
606 1124 808 1208 intellegendi
825 1123 1051 1204 difficultatem,
1076 1125 1101 1188 si
1117 1144 1187 1207 per-

64 1244 195 1292 sonarum
211 1229 261 1292 uel
278 1247 407 1311 operum
423 1229 613 1292 intellexeris
630 1229 871 1293 distinctionem.
901 1229 938 1291 ad
954 1228 1086 1292 ludaeos
1103 1229 1187 1292 enim

63 1330 174 1396 dieitur:
199 1351 269 1396 non
294 1333 572 1397 iustificabitur
589 1333 823 1414 exoperibus
846 1333 941 1415 legis
958 1334 1075 1396 omnis
1092 1351 1184 1396 earo.

62 1435 94 1496 ad
115 1437 304 1501 Christianos
332 1455 405 1501 uero
431 1438 498 1500 iam
526 1438 558 1500 in
591 1437 714 1502 Christo
743 1440 868 1501 renatos
898 1437 943 1500 ita
972 1437 1187 1501 instructionis

63 1557 151 1605 sermo
181 1540 339 1624 dirigitur:
374 1541 580 1623 operamini
608 1537 746 1604 bonurn
782 1541 825 1604 ad
859 1558 999 1622 omneS,
1030 1543 1186 1605 manime
1214 1565 1239 1602 ιο

63 1648 172 1708 antem
195 1645 238 1710 ad
262 1646 490 1710 domesticos
519 1645 623 1727 fidei,
656 1649 687 1708 et
712 1646 845 1709 iterum:
878 1646 1018 1727 itaque,
1047 1645 1186 1709 tratres

64 1749 123 1810 uei
144 1749 290 1830 dilecti,
314 1749 474 1814 stabiles
499 1753 621 1814 estote
649 1753 685 1812 st
711 1749 928 1828 inmobiles,
951 1749 1186 1813 abundantes

64 1851 222 1935 inopere
251 1854 391 1917 domini
422 1871 581 1935 semper,
613 1853 777 1916 seientes
804 1853 898 1934 quod
929 1853 1034 1916 labor
1060 1857 1187 1918 uester

63 1961 202 2021 nonest
233 1939 357 2022 inanis
392 1958 428 2020 in
455 1958 610 2021 domino.
646 1958 685 2020 ad
713 1957 917 2037 Christianos,
946 1959 1085 2039 inquam,
1113 1958 1187 2021 dioi-

64 2064 117 2122 tur:
145 2062 196 2125 sio
219 2062 346 2126 luoeat
369 2063 429 2124 lux
453 2065 578 2125 uestra
608 2079 729 2125 eoram
758 2060 928 2126 omnibus
959 2061 1185 2141 hominibus,
1215 2084 1238 2121 15

62 2167 94 2224 ut
119 2165 271 2230 uideant
300 2164 399 2229 bona
429 2183 540 2248 opera
568 2169 696 2230 uestra
726 2170 762 2229 et
791 2167 1010 2250 glorificent
1042 2169 1185 2248 patrem

62 2273 229 2350 nostrum,
258 2270 321 2351 qui
344 2273 400 2333 est
423 2270 461 2332 in
484 2270 614 2350 caelis,
639 2270 670 2333 id
693 2275 750 2350 est,
775 2274 810 2333 ut
833 2288 894 2334 non
918 2273 983 2333 tam
1007 2270 1068 2334 otio
1090 2270 1187 2333 resol-

63 2387 170 2452 uamur,
193 2393 288 2456 quarn
312 2374 349 2437 de
374 2373 518 2456 operibus
547 2373 637 2438 bonis
661 2393 723 2438 non
747 2375 778 2437 in
802 2373 903 2452 nobis,
932 2374 984 2438 sed
1008 2374 1039 2437 in
1063 2374 1186 2437 domino

62 2475 225 2554 gloriemur.
255 2479 294 2542 ad
310 2477 501 2542 Christianos
519 2479 643 2542 dieitur:
664 2478 701 2542 in
717 2479 879 2542 ueritate
895 2478 1058 2560 conpari,
1076 2495 1187 2559 quon-

62 2577 123 2643 iam
144 2600 211 2646 non
236 2586 294 2646 est
320 2600 563 2664 personarum
587 2587 761 2665 aooeptor
788 2583 891 2661 deus,
927 2582 990 2646 sed
1020 2582 1056 2644 in
1088 2582 1186 2645 omni
1213 2604 1238 2641 eo

62 2689 173 2766 gente,
190 2687 252 2769 qui
273 2686 381 2750 timet
403 2687 508 2750 illum
530 2691 567 2751 et
582 2691 756 2769 operatur
783 2686 986 2767 iustitiam,
1010 2689 1186 2768 acceptus

62 2793 112 2851 est
131 2790 194 2854 illi.

599 2929 636 2994 V.

181 3075 224 3114 DE
247 3073 288 3115 ΕΟ
312 3073 396 3121 QUOD
419 3073 485 3115 Aru:
512 3073 628 3114 GRA'HA
653 3075 707 3114 Dm
731 3074 793 3116 SUM
816 3075 848 3114 lD
873 3074 957 3123 odon
981 3073 1052 3116 SUM.

99 3205 175 3271 Andi
197 3209 373 3290 apostolum
397 3207 535 3272 laborem
561 3227 631 3272 auur
655 3209 757 3291 gratia
779 3209 889 3272 humili
912 3209 1104 3272 confessione
1127 3209 1186 3272 rni-
1213 3228 1238 3266 ss

61 3316 202 3377 mentem:
225 3313 349 3396 gratia
372 3315 493 3376 autem
516 3313 574 3376 dei
597 3332 678 3376 sum
701 3313 753 3392 id,
774 3313 869 3394 quod
893 3332 981 3392 snm,
1006 3317 1041 3376 et
1063 3313 1186 3396 gratia

61 3411 156 3478 illins
177 3419 212 3481 in
236 3437 292 3482 me
316 3433 434 3480 uaoua
455 3433 525 3480 non
549 3417 635 3496 fnit,
660 3417 722 3480 sed
746 3417 998 3481 abundantius
1021 3417 1099 3482 illis
1115 3435 1186 3481 om-

60 3517 161 3583 nihus
182 3520 370 3586 laborani:
394 3539 463 3584 non
481 3539 545 3604 ego
567 3524 705 3601 autern,
729 3522 791 3586 sed
807 3522 932 3604 gratia
954 3523 1012 3586 dei
1035 3541 1185 3586 mecum.

60 3621 121 3684 uide
136 3626 286 3705 quomodo
303 3625 342 3688 ad
357 3624 477 3708 gratiae
493 3625 609 3688 donum
630 3645 752 3709 semper
775 3625 937 3708 subiungit
958 3626 1073 3690 laboris
1097 3625 1186 3690 obse-

156 3821 373 3892 rotonam.
430 3821 694 3890 111100r.15,58.
750 3821 1007 3890 15]Malth.5‚16.
1063 3823 1184 3891 rotae.
1280 3835 1282 3840 ·

61 3907 184 3978 romsq.
237 3907 513 3978 ao]1cor.1s‚1o.

97 4065 233 4178 lpardem
253 4109 280 4163 P
296 4126 449 4166 ceramon.
463 4110 509 4164 ott.
555 4109 611 4163 lsi
625 4109 652 4164 P
694 4108 929 4176 dsnbpraassitP
972 4107 1147 4162 ditioultatenr
1161 4109 1188 4162 P

59 4193 231 4249 tintelereris
250 4197 277 4250 P
330 4198 360 4252 ll
380 4195 458 4250 fidaei
478 4197 504 4250 P
554 4195 659 4264 itaquae
678 4197 705 4251 P
758 4199 789 4251 12
808 4200 876 4249 stote
895 4197 923 4250 P
972 4197 1054 4249 surda
1073 4197 1141 4247 stote
1160 4197 1187 4246 ot

58 4277 188 4336 inmobiles
206 4283 247 4337 tn'e
264 4283 343 4338 habet
361 4283 389 4336 P
459 4285 490 4338 15
514 4281 636 4335 omnibus
659 4301 742 4338 omo
816 4285 847 4337 ro
870 4299 948 4352 opera
971 4285 1059 4334 uestra
1084 4280 1187 4336 bonav

58 4369 86 4420 ‘25
103 4369 227 4422 miscente
246 4370 273 4423 P

997 4457 1028 4504 ⁶2!
