2920 4928
493 383 737 453 Prolagomana.
1091 383 1182 438 LXIII

61 559 113 622 duo
133 559 211 624 euim
233 557 316 640 libri,
346 561 377 624 iu
408 558 521 642 quibus
549 559 674 624 libellus
702 560 740 623 de
767 560 887 624 ratione
914 559 986 624 fidei
1008 560 1181 643 impressus

61 667 157 743 exstat,
184 667 254 728 aute
282 664 353 746 plus
380 665 537 728 trecentos
566 681 664 728 annos
689 664 763 728 editi
786 667 817 728 et
840 664 900 728 nisi
923 664 1029 747 paucis
1057 669 1180 746 praesto

62 784 112 830 oon
133 772 211 832 suut.
247 769 296 831 oui
315 767 512 832 incommodo
529 769 703 832 remedium
720 768 900 832 etiamnunc
915 769 1055 832 inuenire
1071 769 1181 832 studeo
1287 755 1292 764 ’

61 875 86 932 ot
110 873 282 954 appendicis
312 873 379 936 loco
402 871 543 936 libellum
566 873 674 936 Fausti
696 872 811 955 publici
834 873 909 936 iuris
937 872 1027 952 facio,
1059 891 1121 954 qua
1147 892 1180 936 re

60 976 151 1040 moltis
180 981 307 1060 gratum
336 980 412 1060 puto
439 995 490 1040 me
517 977 684 1057 iacturum,
716 995 907 1059 quamquam
935 977 1073 1040 nondum
1104 977 1181 1040 mihi

59 1080 181 1163 contigit,
209 1084 245 1144 ut
273 1079 389 1144 librum
414 1065 662 1164 manuscriptum
686 1081 892 1160 nanciscerer,
920 1081 1003 1144 unde
1027 1081 1101 1145 editi
1123 1080 1181 1144 du-

59 1187 168 1258 reruut;
191 1201 271 1266 quae
295 1183 356 1249 luit
378 1202 483 1264 causa,
507 1185 590 1266 quod
612 1184 755 1249 libellum
779 1203 878 1267 usquc
894 1185 995 1249 adhuc
1012 1185 1102 1249 edere
1119 1203 1180 1249 uon

58 1305 137 1352 susus
160 1307 240 1353 sum.

93 1392 188 1474 Atque
216 1393 310 1457 editio
337 1395 481 1476 princeps
511 1393 609 1458 libelli
633 1393 670 1458 de
693 1395 812 1458 ratione
836 1393 907 1458 fidei
930 1397 1038 1458 curata
1065 1396 1114 1458 est
1140 1393 1179 1458 ab

58 1494 158 1560 Ioanne
180 1496 330 1562 Sichardo
354 1497 557 1580 (Antidotum
569 1497 840 1562 'contradidersas
856 1499 996 1562 omnium
1012 1498 1076 1562 iere
1093 1517 1181 1562 secu-

57 1597 143 1664 lorum
165 1601 321 1682 haeresen,
345 1601 497 1683 Basdeae,
521 1601 693 1666 excudebat
707 1603 862 1667 Henricus
878 1603 973 1683 Petri,
995 1600 1103 1685 1528),
1127 1603 1180 1684 qui

57 1703 82 1765 in
106 1705 235 1786 epistula
261 1706 449 1770 dedicatoria
476 1705 515 1770 ad
538 1704 775 1790 Sigismundum
803 1725 910 1790 regem
934 1707 1080 1770 Poloniae
1109 1708 1181 1770 data

57 1825 83 1868 so
104 1808 180 1873 Petri
203 1810 330 1874 'Iomitii
357 1809 493 1893 episcopi
517 1809 734 1875 (linconiensis
761 1811 957 1876 humanitate
985 1815 1017 1874 et
1043 1811 1180 1875 liberali-

57 1919 110 1974 tate
131 1915 414 1978 uetustissimorum
438 1915 577 1979 uirorum
600 1919 805 1979 monumenta
827 1916 964 1998 primum
987 1915 1123 1999 proferre
1148 1916 1178 1978 irr

56 2014 144 2080 locem
173 2018 248 2082 dicit
272 2020 316 2082 sic
339 2036 431 2099 noua,
462 2027 500 2080 ut
529 2018 629 2080 totius
661 2017 742 2080 libri
768 2040 807 2082 cc
834 2017 964 2104 quidem
986 2041 1071 2104 opero
1092 2040 1179 2081 acus

55 2127 147 2197 colec,
169 2119 256 2206 qaod
270 2119 384 2184 saltem
399 2121 549 2200 aciamus,
565 2121 710 2185 estiterit
726 2121 836 2209 culpo.
860 2125 1058 2188 continentur
1073 2128 1179 2188 autem

56 2241 85 2285 eo
109 2226 264 2290 uolumine
291 2231 414 2310 praeter
442 2227 566 2308 Iustini,
594 2227 771 2308 Athanasii,
799 2228 892 2292 Marii
921 2227 1073 2293 Uictorini
1100 2227 1179 2308 Afri,

55 2325 152 2393 llilarii
173 2331 393 2412 Pictauiensis,
416 2329 587 2412 Ambrosii,
611 2331 786 2413 Theophili,
810 2331 917 2412 idacii,
934 2331 1051 2415 Cyrilli,
1067 2333 1179 2412 Procli,

54 2429 206 2516 Timothei,
224 2434 380 2499 Uincentii
392 2435 582 2516 Leriueusis,
598 2435 744 2519 Prosperi
755 2435 935 2518 Aquitanici
952 2437 1069 2519 scripta
1083 2455 1178 2518 quae-

54 2533 115 2600 dam
141 2538 274 2603 Uictoris
305 2539 440 2623 episcopi
470 2539 541 2604 fidei
571 2539 650 2605 ratio
680 2541 838 2604 Hauerico
868 2541 942 2624 regi,
964 2540 1176 2605 Uandalorum

54 2641 169 2723 reddita,
192 2643 329 2708 Cerealis
353 2644 489 2727 episcopi
505 2643 770 2728 Carthaginiensis
790 2645 940 2709 aduersus
956 2644 1176 2726 Maximinum,

54 2741 156 2810 Golasii
178 2747 314 2831 episcopi
329 2747 462 2812 Romani
486 2749 523 2812 dc
546 2749 667 2813 duabus
690 2749 810 2812 naturis
833 2749 864 2812 in
882 2749 1004 2813 Christo
1026 2749 1176 2813 aduersus

55 2845 301 2932 Eutychiauistas,
324 2852 451 2918 Ioannis
474 2853 609 2936 episcopi
629 2853 761 2918 Romani
783 2854 821 2916 de
849 2853 970 2917 duabus
997 2855 1117 2918 naturis
1144 2854 1175 2917 in

54 2949 173 3036 Christo,
196 2955 324 3020 Fausti
346 2956 627 3038 episcopiiidei
650 2957 745 3021 ratio
774 2961 810 3020 et
836 2959 982 3040 aliquot
1008 2957 1175 3022 locorum

54 3053 137 3121 iuter
163 3077 200 3123 se
228 3060 384 3124 collatio
411 3060 477 3142 (fol.
500 3058 726 3144 rasi-240⁰),
753 3061 905 3126 Antonini
933 3062 1068 3144 episcopi
1096 3062 1176 3127 Cou-

53 3161 253 3228 stantiuiensis
280 3163 319 3227 ad
346 3163 516 3228 Arcadium
546 3165 685 3228 exsulem
713 3165 926 3246 consolatoria,
956 3165 1083 3248 Agnelli
1112 3168 1176 3250 epi-

52 3265 124 3348 scopi
145 3267 183 3331 ad
205 3267 385 3332 Arminium
409 3267 447 3332 dc
469 3269 589 3334 ratione
616 3268 699 3350 fidei,
729 3269 850 3334 Rustici
877 3269 997 3334 diaconi
1024 3271 1175 3335 aduersus

53 3371 212 3450 acephalos.

86 3473 182 3559 Aegre
197 3475 340 3557 ferimus,
363 3477 444 3558 quod
468 3495 530 3542 uon
554 3477 640 3541 addit
653 3477 821 3560 sicharius,
844 3479 926 3544 unde
949 3497 1007 3544 sua
1026 3479 1175 3561 hauserit,

53 3575 101 3640 uisi
126 3581 204 3662 quod
231 3580 265 3644 in
292 3581 482 3664 praelatione
504 3581 618 3646 codicis
641 3582 803 3648 cuiusdam
826 3583 1042 3648 Murbaoeusis
1067 3588 1098 3648 et
1125 3603 1175 3648 co·

52 3678 115 3744 dicis
136 3683 339 3766 Treuirensis,
362 3704 494 3767 quorum
517 3689 647 3769 uterquc
670 3685 835 3752 Athanasii
858 3687 952 3753 libros
976 3689 1013 3752 de
1038 3690 1175 3753 trinitate

52 3788 234 3870 continuerit,
258 3789 449 3854 mentionem
472 3789 548 3854 lacit
567 3795 599 3855 et
615 3791 645 3854 iu
662 3792 803 3875 margine
820 3792 858 3856 ad
873 3793 1017 3876 Prosperi
1032 3792 1174 3857 libellum

52 3885 192 3957 delibero
215 3893 344 3958 arbitrio
364 3893 501 3958 codicem
517 3893 764 3976 Laurissensem,
787 3897 826 3959 ad
841 3895 969 3979 Aguelli
989 3899 1173 3980 opusculum

53 3989 83 4054 da
102 3999 215 4062 ratione
238 3997 310 4062 fidei
332 3997 445 4062 iterum
469 3999 608 4062 codicem
632 3999 850 4064 Treuirensem
873 4005 1107 4066 commemorat.

86 4097 113 4162 Si
134 4103 328 4166 coniecturae
351 4103 437 4167 locus
461 4107 520 4182 est,
551 4103 658 4166 Fausti
685 4121 819 4185 paruum
846 4103 987 4169 libellum
1011 4125 1046 4169 er
1070 4106 1172 4170 codice

53 4203 168 4279 quodam
200 4207 419 4290 depromptum
455 4226 524 4270 esse
558 4208 757 4288 coniecerim,
792 4226 852 4290 quo
886 4209 947 4273 alia
980 4229 1101 4291 quoquo
1135 4211 1173 4274 de

54 4305 144 4372 eodem
167 4329 200 4374 re
223 4315 255 4374 et
270 4311 411 4376 eiusdem
428 4311 512 4375 tituli
528 4311 645 4394 scripta
659 4312 911 4392 continebantur,
934 4315 1022 4377 uelut
1037 4313 1172 4378 Uictoris
