2920 4928
523 446 766 514 Prolcgomenn.
1103 445 1214 500 LXXIX

96 616 219 684 librarius
250 621 365 686 codicis
396 620 417 685 S
448 623 547 704 prime
579 642 732 684 reuersas
762 619 915 684 sumsisse
946 621 978 703 (i.
1003 642 1028 685 e.
1053 625 1214 705 reuersos)
1319 681 1325 688 .

95 723 236 804 scripsisse
252 725 384 790 uidetur.
401 763 442 772 —
459 745 488 810 p.
505 725 580 806 411,
598 725 615 788 ”l
633 727 754 790 malim:
777 725 807 788 si
829 724 979 788 dominas
997 725 1077 811 piae
1101 725 1214 810 depicti-

94 825 162 888 tieni
181 837 335 893 nostrae
352 829 495 914 (nestrae
512 831 619 914 codex)
637 828 803 893 tribuetur
811 828 945 914 fautor.
969 867 1011 876 -
1034 851 1063 914 p.
1080 829 1155 912 425,
1173 831 1212 892 18

92 929 210 997 dubitari
239 933 358 1016 nequit,
389 935 464 1018 quin
487 932 688 1020 perfectioni
711 954 765 1018 pro
786 934 987 1020 profectioni
1014 935 1214 1000 scribendum

91 1035 132 1116 sit,
158 1038 403 1120 obsequentem
433 1057 542 1104 nocem
573 1037 770 1124 incipientia
799 1043 830 1103 et
857 1060 887 1123 p.
908 1038 982 1121 357,
1003 1039 1024 1104 5
1051 1039 1213 1125 adquam

92 1159 145 1200 rem
169 1163 219 1226 epo
241 1141 523 1228 perfectionem
551 1151 640 1204 taam
667 1165 731 1205 non
754 1142 962 1228 ipnorantiae
984 1143 1069 1206 nitio
1087 1191 1093 1206 .
1112 1194 1118 1207 .
1137 1191 1144 1206 .
1161 1167 1213 1206 ar·

91 1239 182 1306 bitror
198 1245 404 1310 descendisse.
428 1285 470 1292 —
493 1251 577 1311 recte
593 1249 725 1312 fortasse
741 1243 917 1312 Krnschius
933 1269 962 1332 p.
980 1247 1054 1330 432,
1073 1249 1088 1310 1
1111 1249 1213 1334 eoepit

90 1349 184 1412 maini
209 1351 330 1414 amoris
358 1348 490 1437 affectas
508 1398 515 1414 .
533 1397 540 1413 .
558 1398 565 1413 .
585 1349 711 1414 litteras
735 1350 910 1429 destinare,
938 1352 1067 1415 etiamsi
1093 1374 1158 1415 non
1181 1375 1214 1415 se

88 1453 196 1516 eccmr'o
212 1465 378 1540 oportune
389 1455 617 1541 porrigeret
633 1455 742 1540 (codex
752 1455 953 1542 porregerit)
969 1458 1116 1537 restitnit,
1139 1476 1214 1522 nam

88 1558 183 1622 eedem
209 1560 303 1642 plane
327 1561 418 1624 modo
441 1560 662 1644 imperfectum
689 1543 813 1643 tempus
837 1565 939 1625 exstat
960 1581 989 1644 p.
1008 1559 1082 1642 383,
1098 1560 1140 1624 26
1166 1561 1214 1624 in-

89 1661 222 1746 rigastis,
257 1673 309 1739 at,
340 1662 515 1748 quamlibet
544 1663 642 1728 nabla
672 1685 808 1727 manera
836 1664 1090 1749 perciperem,
1118 1688 1213 1750 prae·

87 1767 208 1828 sentiam
238 1777 383 1830 uestram
410 1767 594 1852 possideam
625 1773 656 1834 et
678 1791 707 1852 p.
725 1767 799 1850 393,
819 1768 858 1832 10
885 1769 1061 1853 quamlibet
1085 1769 1214 1834 litteras

87 1891 140 1931 non
158 1871 412 1956 perciperem,
443 1882 546 1936 tamen
574 1873 632 1935 lios
661 1871 706 1936 acl
732 1894 791 1936 aas
820 1872 939 1936 diremi.
978 1893 1057 1957 quae
1082 1876 1213 1939 sirecte

87 1993 115 2036 se
146 1975 269 2056 habent,
305 1977 400 2041 etiam
434 1978 531 2042 altero
566 1979 632 2042 leco
666 1978 780 2042 codicis
814 1979 906 2042 lectio
941 1979 1137 2044 immutanda
1167 1983 1215 2044 est

86 2097 110 2160 p.
129 2079 199 2162 437,
223 2079 265 2144 25
295 2089 370 2143 ante
401 2079 495 2158 diem,
525 2103 621 2166 qaam
652 2079 780 2145 litteras
812 2082 1039 2167 acceperim,
1069 2104 1213 2168 conpres-

86 2179 221 2266 byterum
243 2205 347 2248 meam
370 2183 415 2248 ad
436 2185 682 2270 permonitatem
704 2195 849 2249 nestram
873 2185 1059 2250 direxeram
1082 2192 1114 2252 et
1133 2187 1213 2250 aeci·

84 2307 184 2370 peram
217 2289 440 2374 reponendum.
479 2309 574 2373 qnam
605 2291 811 2355 mutationem
845 2292 899 2374 qni
932 2309 993 2356 non
1024 2291 1213 2375 probauerit,

86 2391 175 2472 priore
198 2394 293 2458 etiam
316 2394 382 2458 loco
406 2395 518 2458 codicis
542 2395 708 2460 lectionem
730 2393 927 2480 perceperit,
958 2413 1052 2478 quam
1084 2397 1213 2480 perlecti

85 2495 207 2562 sormam
237 2499 269 2562 in
300 2517 443 2563 sermone
473 2499 595 2583 uulgari
625 2499 781 2564 exstitisse
808 2504 892 2564 certo
923 2501 1050 2580 scimus,
1081 2502 1213 2565 retineat

85 2601 228 2681 oportebit
250 2601 303 2685 (ci.
321 2601 346 2666 Ε
370 2622 399 2686 p.
416 2601 503 2685 692).
528 2639 570 2649 —-
593 2623 621 2686 p.
639 2601 714 2684 449,
733 2601 773 2666 10
795 2605 864 2688 lege
886 2613 995 2666 noster
1017 2623 1072 2686 pro
1094 2614 1211 2683 nester,

85 2705 157 2769 ctP
179 2725 207 2790 p.
225 2705 353 2771 LXVII.

122 2809 197 2874 (ium
220 2811 368 2894 pleraque
392 2812 518 2894 scripta,
542 2829 621 2894 qnae
645 2811 703 2876 hoc
719 2813 877 2876 uolumine
894 2814 1100 2888 continentur,
1124 2814 1212 2878 uelut

84 2912 146 2978 libri
168 2915 204 2979 de
227 2915 331 3000 gratie
353 2917 385 2980 et
400 2915 508 2980 Fausti
523 2915 700 2999 Ruriciique
724 2917 875 3000 epistulae
899 2918 1031 3001 singulis
1054 2917 1211 2982 codicibus

84 3019 187 3084 tradita
216 3021 291 3100 sint,
322 3023 354 3084 in
385 3021 429 3084 eis
460 3021 659 3086 recensendis
690 3021 845 3104 imprimis
872 3021 903 3085 id
931 3023 990 3106 egi,
1020 3027 1056 3087 ut
1086 3023 1210 3104 unice,

84 3123 139 3203 qui
154 3129 332 3205 exstaret,
357 3125 497 3190 codicis
513 3126 674 3208 speciem
690 3143 798 3207 quam
821 3126 1109 3209 religiosissime
1129 3145 1211 3192 con·

85 3245 278 3310 seruarem,
310 3247 388 3312 quae
419 3249 473 3313 per
503 3249 536 3294 se
567 3233 706 3313 spectata
736 3230 809 3294 ferri
838 3234 993 3313 poterant,
1027 3231 1059 3295 in
1089 3235 1210 3296 textum

84 3333 209 3416 recipere
233 3351 296 3399 non
319 3333 494 3398 dubitarem
519 3334 807 3416 minutissimasque
830 3335 1053 3418 discrepantias
1076 3336 1108 3400 in
1128 3337 1210 3400 notis

85 3435 266 3502 adnotarem.
306 3441 392 3504 textu
415 3438 510 3522 igitur
534 3441 640 3502 nostro
663 3456 736 3502 cum
758 3438 943 3503 lectionibus
966 3439 998 3504 in
1021 3440 1103 3504 notis
1126 3457 1211 3504 corn·

86 3543 256 3608 memoratis
284 3545 462 3625 comparato
489 3545 668 3607 accuratam
696 3543 810 3607 codicis
837 3543 1008 3628 imaginem
1031 3563 1211 3627 repraesen-

86 3645 137 3709 tari
158 3647 244 3712 scito.
284 3665 383 3728 neque
407 3647 487 3729 qnod
511 3647 551 3710 ad
580 3647 887 3731 orthographiam
917 3649 1032 3712 attinet
1058 3667 1076 3712 a
1102 3649 1210 3713 formis

87 3749 167 3814 nnicc
188 3751 291 3816 codice
308 3751 442 3832 necitis,
466 3751 493 3816 si
509 3752 635 3816 omnine
651 3752 766 3816 latinae
784 3755 882 3833 erant,
906 3753 1112 3818 recedendum
1134 3753 1211 3817 rnihi

87 3869 146 3918 esse
167 3857 276 3940 putaui
297 3857 459 3938 tutiusque
482 3857 559 3920 mibi
581 3857 686 3921 nisum
709 3861 758 3922 est
780 3875 832 3922 eas
855 3857 1029 3940 relinquere
1045 3859 1210 3942 intactas¹)

87 3973 169 4037 quarn
192 3979 262 4026 meo
285 3959 388 4026 Marte
411 3961 575 4044 antiquam
599 3961 752 4026 scribendi
775 3963 1032 4028 consuetudinem
1055 3980 1210 4044 reuocare,

88 4113 280 4128 ¹·-—·——n·

126 4219 143 4286 ¹)
159 4219 242 4290 Aegre
260 4219 325 4284 iero,
344 4217 414 4290 qnod
432 4219 460 4276 in
478 4219 565 4292 priore
583 4225 657 4290 parte
676 4219 755 4276 huius
773 4219 917 4276 uoluminis
936 4221 1094 4292 aliquotiens
1115 4237 1209 4294 parum

89 4307 160 4370 pressi
180 4308 277 4364 codicis
299 4308 414 4378 uestigia
431 4323 515 4378 neque
534 4309 671 4374 Somtmel,
690 4309 819 4377 Danebel,
833 4311 945 4376 lsrabel,
960 4311 1047 4368 Sarra
1066 4312 1101 4380 (p.
1115 4315 1156 4378 71,
1168 4313 1210 4380 10)

88 4389 225 4466 similesque
242 4396 343 4452 formas
361 4395 466 4450 ratium.
