2924 4924
234 429 297 494 298
675 431 740 485 IIII¹
761 431 869 485 Sermo
891 433 929 487 le.

234 606 370 670 uiuoitur
397 611 428 670 et
455 610 539 670 totus
563 607 698 671 muudus
721 607 760 670 ad
784 605 899 671 Christi
923 608 1065 671 notitiam
1090 609 1141 672 uel
1167 609 1302 691 gratiam
1328 629 1382 673 re-

234 715 374 775 uocetur.
413 711 546 793 denique
570 713 614 774 sio
638 715 669 775 et
691 711 808 775 Paulus
832 713 917 791 dixit,
941 731 1013 776 eum
1034 713 1072 776 de
1092 713 1235 796 passione
1254 714 1382 778 domiui

233 817 423 897 loqueretur:
448 817 586 895 faotuS,
608 816 719 898 iuquit,
741 815 944 880 oboediens
964 818 1063 899 patri
1084 819 1259 898 usquead
1280 837 1382 882 mor-

235 925 323 999 tem,
347 923 503 984 mortum
524 925 645 984 autem
667 921 797 984 oruois.
829 925 981 1004 propter
997 921 1091 1004 quod
1107 922 1244 986 etelsus
1265 922 1380 988 iilum

194 1053 207 1093 s
235 1025 419 1088 exultauit
443 1029 479 1089 et
501 1025 656 1089 donauit
679 1025 738 1089 illi
762 1044 908 1106 nomeu,
937 1026 1031 1108 quod
1055 1031 1112 1090 est
1135 1043 1380 1108 superemus

233 1149 374 1192 nomeu.

275 1235 344 1298 Hoo
364 1233 432 1297 ideo
454 1233 597 1314 diximus,
618 1235 740 1314 fratres
762 1238 797 1298 ut
816 1239 999 1317 agnosceret
1020 1236 1131 1298 raritas
1152 1239 1266 1314 uestra,
1289 1237 1380 1316 quod

233 1338 424 1420 principatus
453 1337 577 1418 Christi,
609 1338 646 1402 de
674 1355 734 1420 quo
765 1339 914 1422 seriptum
946 1343 1006 1402 est:
1038 1343 1070 1403 et
1098 1340 1155 1402 erit
1181 1339 1379 1423 prinoipatus

234 1461 327 1525 super
357 1443 503 1505 humeros
537 1443 613 1522 eius,
645 1461 707 1506 nou
740 1443 781 1506 sit
811 1443 895 1506 aliud
926 1444 985 1507 uisi
1016 1462 1088 1506 crux
1121 1444 1196 1508 eius.
1238 1447 1269 1506 et
1302 1444 1379 1508 ideo

183 1574 207 1612 ro
233 1547 324 1611 leutio
347 1546 402 1610 illa
424 1547 456 1610 iu
479 1547 596 1629 pascha
619 1547 742 1631 legitur,
767 1548 889 1629 quaudo
913 1548 1002 1611 Isaeo
1024 1567 1128 1628 uerus,
1152 1549 1238 1612 ouius
1261 1551 1378 1630 typum

234 1650 363 1734 gerebat
377 1651 459 1715 filius
476 1651 632 1732 Abrahae,
656 1671 711 1735 pro
734 1671 848 1735 genere
870 1651 1009 1717 humano
1032 1653 1173 1734 patibulo
1196 1653 1294 1716 erucis
1320 1655 1379 1717 ad-

233 1756 347 1839 figitur.
387 1756 500 1839 legitur
531 1757 625 1819 etiam
653 1756 713 1840 <iu>
739 1757 871 1821 lectione
894 1757 972 1840 ipsa,
1001 1757 1082 1838 quod
1108 1757 1219 1820 heatus
1241 1757 1378 1822 ueniens

233 1861 394 1925 Abraham
414 1879 486 1924 oum
502 1859 564 1925 filio
581 1879 636 1924 suo
653 1861 766 1924 uiderit
782 1862 885 1925 looum
906 1879 924 1925 a
943 1863 1035 1944 longe
1052 1866 1083 1924 et
1098 1861 1173 1925 dixit
1188 1862 1225 1924 ad
1244 1880 1378 1942 pueros:

233 1966 360 2029 sedete
387 1965 446 2028 hio
473 1983 553 2028 oum
582 1965 697 2029 asina.
736 1983 802 2049 ego
830 1968 866 2029 et
893 1985 983 2048 puer
1011 1966 1296 2048 proficiscemur
1326 1973 1378 2047 et,

182 2095 206 2134 u
233 2089 313 2133 oum
348 2070 643 2150 adorauerimuS,
678 2075 911 2134 reuertemur
942 2071 983 2134 ad
1015 2087 1089 2134 uos
1133 2089 1227 2152 quare
1256 2073 1377 2151 pueris

233 2175 284 2256 qui
315 2173 449 2257 figuram
480 2173 659 2238 habueruut
690 2175 887 2254 Iudaeorum,
919 2174 1047 2238 dieitur:
1083 2175 1188 2238 sedete
1220 2175 1269 2237 hio
1299 2193 1377 2240 eum

234 2279 343 2342 asina?
382 2279 532 2360 numquid
563 2279 651 2342 asina
681 2279 734 2342 illa
762 2279 868 2342 seriore
892 2283 1023 2362 poterat,
1051 2279 1187 2343 fratres?
1224 2279 1277 2341 ssd
1304 2279 1377 2344 ideo
1457 2299 1458 2322 ³

233 2381 387 2466 <dieitur>z
419 2384 524 2446 sedete
547 2401 619 2446 oum
644 2385 740 2464 asina,
772 2384 853 2464 quod
876 2383 1063 2447 Iudaeorum
1086 2383 1230 2466 populus,
1261 2384 1316 2465 qui
1346 2387 1378 2448 iu

235 2487 356 2552 Christo
381 2487 554 2550 crediturus
577 2505 638 2551 nou
663 2490 739 2568 erat,
771 2491 854 2550 stare
878 2505 939 2551 uon
963 2490 1094 2570 poterat,
1126 2487 1181 2550 sed
1205 2491 1239 2550 ut
1261 2487 1377 2552 detritis
1457 2543 1458 2576 ,

181 2617 206 2657 ro
234 2595 265 2654 st
289 2591 375 2654 uelut
397 2595 524 2674 peooato
547 2591 724 2674 languidus,
748 2592 799 2673 qui
823 2591 970 2655 baculum
994 2591 1094 2655 oruois
1118 2591 1314 2674 despexerat,
1345 2593 1376 2656 iu
1457 2579 1458 2592 ¹

233 2699 348 2760 terram
380 2714 509 2760 casurus
537 2701 611 2760 erat.
651 2697 725 2759 dioit
752 2714 825 2779 ergo
852 2696 963 2760 beatus
986 2694 1163 2760 Abraham:
1195 2695 1300 2760 sedete
1325 2697 1376 2760 hio

232 2819 303 2864 oum
332 2801 429 2880 asina,
462 2819 518 2884 ego
547 2805 577 2864 et
603 2820 680 2882 puer
703 2799 933 2882 profioisoemur
957 2805 997 2880 et,
1028 2819 1100 2863 oum
1128 2799 1375 2880 adorauerimus,

231 2909 426 2970 reuertemur
450 2907 488 2969 ad
512 2923 579 2968 uos.
617 2905 690 2986 quid
714 2911 771 2984 est,
795 2905 876 2986 quod
899 2905 986 2985 dieis,
1011 2905 1101 2968 beato
1117 2903 1301 2968 Abraham?
1335 2905 1375 2968 ad

231 3011 457 3074 immolandum
488 3010 587 3073 filium
621 3010 709 3073 uadis
742 3013 773 3073 et
803 3010 890 3090 uicis,
922 3027 993 3072 eum
1024 3009 1088 3074 filio
1118 3009 1308 3073 reuerteris?
1349 3011 1376 3073 si

179 3139 204 3179 25
232 3116 315 3178 enim
338 3113 438 3198 (eum)
461 3114 609 3178 obtuleris
633 3115 665 3176 iu
686 3113 914 3194 holocaustum,
939 3114 1045 3194 utique
1065 3117 1168 3177 tecum
1189 3113 1289 3176 redire
1310 3131 1377 3177 non

229 3219 351 3302 poterit.
391 3220 491 3300 potuit
525 3218 711 3300 respondere
748 3217 859 3281 heatus
890 3217 1067 3282 Abraham:
1100 3235 1211 3281 uerum
1241 3217 1310 3281 dico
1345 3226 1378 3281 et

230 3323 327 3387 offero
348 3323 447 3386 filium
469 3327 501 3386 et
520 3327 659 3386 reuertar
679 3341 750 3385 oum
772 3321 835 3385 filio
856 3321 895 3385 ad
916 3341 980 3386 uos
1020 3324 1110 3385 tauta
1130 3325 1179 3385 est
1198 3321 1273 3385 fides
1289 3339 1378 3402 meu,

230 3433 265 3492 ut
287 3427 422 3508 credam,
450 3427 532 3510 quod
555 3427 618 3507 ille,
642 3427 694 3508 qui
718 3445 790 3490 eum
814 3426 889 3490 mihi
912 3426 950 3490 de
975 3430 1076 3490 matre
1099 3426 1199 3490 sterili
1221 3425 1378 3508 diguatus

334 3590 362 3660 3]
381 3589 497 3659 Philipp.
512 3593 535 3654 2,
549 3594 573 3647 8,
630 3589 670 3658 14]
689 3589 754 3643 Gen.
768 3592 810 3654 22,
824 3593 847 3644 5.

273 3747 467 3817 trinitatum,
487 3747 595 3800 dieitD
647 3745 775 3814 3iuquid
789 3747 818 3800 D
871 3751 1011 3801 5omueru
1031 3747 1060 3800 D
1112 3743 1214 3800 9eliut
1232 3745 1260 3798 D
1319 3746 1383 3799 eius

229 3839 310 3906 Aup,
326 3836 390 3937 ⁶1¹)
461 3837 491 3888 11
512 3832 632 3902 patipulo
651 3835 690 3888 D¹
764 3837 796 3888 12
815 3833 896 3886 etiem
915 3833 1069 3902 inscripsi,
1092 3832 1173 3885 stiam
1193 3833 1228 3898 D,
1250 3832 1276 3884 iu
1297 3835 1381 3904 Auq.

231 3951 262 4003 14
275 3914 405 4016 ,ptioiiuur
424 3949 452 4001 D
507 3951 538 4002 15
558 3947 718 3999 reuertimus
737 3947 766 4000 D
821 3949 851 4002 17
870 3949 975 4015 poteret
993 3948 1073 4016 Aep,
1093 3945 1172 4011 perit
1191 3947 1219 4000 D
1274 3945 1316 4000 18
1339 3946 1384 4000 di·

229 4035 298 4088 eitur
316 4037 396 4104 hiup,
415 4036 446 4088 ire
464 4035 493 4088 D
510 4051 610 4088 rosere
628 4040 722 4100 eostur,
741 4035 772 4087 in
791 4052 844 4102 quo
863 4033 900 4086 ffs
918 4035 1003 4102 fuisse
1021 4033 1130 4087 uidetur
1195 4035 1227 4087 20
1245 4039 1384 4099 peccator

229 4125 300 4192 Aoo.
354 4123 478 4192 pueulum
498 4125 527 4178 D
579 4123 728 4191 disperierat
741 4125 770 4177 D
823 4127 854 4178 21
875 4129 946 4176 terra
960 4125 987 4178 D
1040 4139 1163 4176 cassurus
1176 4123 1205 4177 1)
1253 4122 1290 4175 22
1315 4139 1384 4192 pro-

228 4210 414 4265 ficiscimurD
467 4213 501 4266 23
519 4209 679 4263 reuertimus
696 4212 725 4263 D
779 4209 856 4279 diois]
876 4211 946 4278 quod
965 4211 1113 4280 ortum.
1167 4212 1201 4264 25
1219 4207 1291 4261 enirn
1314 4227 1384 4266 euru

229 4299 335 4366 scripsi,
358 4299 428 4350 euim
454 4300 489 4364 D,
513 4313 572 4350 oum
597 4299 668 4366 stop
736 4305 800 4367 post
825 4301 912 4352 tusum
935 4317 1033 4353 rasura
1050 4299 1081 4352 in
1100 4299 1129 4352 D
1146 4303 1238 4364 exstat,
1258 4296 1296 4350 e'rr
1324 4319 1386 4371 qua

231 4365 291 4454 Q
311 4387 397 4453 fuisse
415 4386 523 4439 ariolator
576 4387 610 4440 26
628 4383 775 4438 habraham
794 4386 823 4439 D
876 4388 910 4441 28
928 4383 1016 4438 stereli
1036 4385 1064 4439 D
