2954 4930
266 413 329 480 368
770 415 896 470 Ruricii

266 594 298 656 et
331 589 498 656 tenebatur
531 592 690 676 amplexu,
730 591 883 674 siquidem
913 591 977 656 cari
1006 591 1091 656 nullo
1121 610 1154 656 se
1184 591 1296 656 melius
1326 591 1382 656 loco

267 714 361 777 quam
394 697 426 760 in
459 696 549 760 corde
583 695 721 760 caritatis
754 695 851 778 ipsius
886 694 958 760 sede
991 695 1195 779 conspiciunt.
1251 695 1383 760 undeet

266 800 400 882 amplius
424 798 640 864 desiderabam
662 799 760 864 oculis
783 799 889 864 uidere
911 799 1098 880 carnalibus,
1128 817 1222 882 quem
1243 799 1288 864 ita
1308 798 1382 882 spiri

266 903 381 968 talibus
404 902 558 968 intuebar.
593 903 649 968 sed
671 903 769 968 dolori
791 920 861 968 meo
884 903 1127 968 consolationem
1149 921 1195 984 ea,
1219 921 1296 985 quae
1309 901 1381 986 prius
1444 912 1445 948 l

227 1031 240 1072 ι
265 1007 440 1072 tribuerant
454 1007 614 1088 solacium,
635 1007 731 1090 ipsius
752 1007 865 1072 menta
884 1007 1044 1088 dederunt,
1067 1007 1139 1090 quia
1153 1005 1283 1088 confido,
1305 1003 1381 1088 quod,

266 1130 359 1193 quem
386 1116 516 1195 paterna
542 1113 640 1195 pietas
664 1111 779 1192 dilexit,
810 1115 840 1176 et
864 1111 972 1176 sedula
992 1111 1212 1176 intercessione
1235 1111 1380 1176 custodiat

308 1215 368 1282 Sed
387 1216 464 1280 haec
483 1215 641 1280 sanctitati
664 1219 786 1280 uestrae
809 1215 897 1298 quasi
919 1213 1081 1280 uobiscum
1104 1214 1281 1298 cossoquens
1303 1219 1382 1296 atoue

266 1319 395 1385 euobis
426 1320 572 1384 maeroris
602 1319 700 1402 ipsius
727 1320 872 1384 leuamen
893 1320 1054 1402 requirens
1077 1319 1212 1384 dictante
1235 1319 1381 1384 dilectione

264 1425 442 1488 retuleram.
481 1442 563 1488 nunc
585 1441 668 1504 uero,
692 1425 728 1487 ut
749 1423 851 1488 dicere
874 1423 1080 1504 institueram,
1103 1423 1278 1488 accersione
1299 1422 1381 1505 ipsius
1445 1409 1446 1412 '

215 1551 238 1590 rc
266 1527 383 1592 domini
410 1527 472 1592 mei
495 1531 526 1592 et
548 1528 741 1612 apostolatus
764 1528 861 1592 uestri
883 1517 1246 1611 ordinatione⁰conperta
1268 1527 1305 1590 ad
1325 1523 1382 1588 ora-

265 1632 349 1696 cium
378 1637 519 1696 uestrum
547 1633 670 1698 mittere
693 1631 879 1715 cogitabam.
924 1631 979 1696 sed
1000 1631 1183 1696 muneribus
1205 1631 1314 1696 uestris
1334 1629 1382 1692 hu·

266 1736 404 1800 militatis
439 1753 527 1800 meae
559 1735 763 1818 praeuenistis
797 1735 995 1818 obsequium,
1029 1753 1108 1818 quae
1141 1733 1219 1800 milri
1249 1733 1382 1800 maiorem

266 1838 421 1904 scribendi
450 1840 595 1904 fiduciam
626 1841 836 1920 eontulemnt,
870 1840 943 1922 quia
971 1857 1147 1924 praesumo,
1181 1839 1271 1922 quod,
1303 1853 1383 1920 quem

264 1943 448 2008 liberalitate
475 1944 608 2009 feceritis
639 1944 779 2028 dignum,
813 1943 852 2008 ab
883 1944 997 2008 animis
1026 1944 1140 2008 uestris
1166 1961 1229 2009 non
1255 1939 1383 2006 habands

215 2071 238 2111 rs
265 2048 412 2112 alienum.
458 2051 490 2112 et
511 2048 590 2129 ideo,
620 2048 702 2112 sicut
724 2048 802 2112 datis
824 2047 973 2132 intellegi,
1004 2047 1150 2129 quoniam
1178 2044 1384 2112 mundabam

264 2151 446 2236 dignamini,
470 2153 705 2236 sospitationem
726 2151 911 2216 beatitudini
925 2155 1049 2216 uestrae
1063 2171 1119 2234 por
1134 2151 1253 2216 litteras
1268 2149 1384 2214 uberem

265 2255 333 2320 dico
363 2256 520 2338 simulque
549 2257 698 2340 peculiari
727 2274 818 2338 prece
846 2255 977 2338 deposco
1001 2273 1036 2320 ao
1059 2273 1183 2320 mecum
1205 2273 1295 2338 agere
1314 2251 1385 2317 land

264 2359 405 2424 habeatis
436 2359 559 2441 affectu,
589 2364 625 2426 ut
655 2361 804 2424 domnum
830 2359 995 2424 Leontium
1024 2359 1222 2442 praemisisse
1252 2361 1282 2422 et
1308 2374 1385 2422 com-

265 2467 405 2528 mutasse
426 2465 530 2546 potius
554 2481 647 2547 quam
670 2464 839 2548 perdidisse
862 2480 1059 2547 cognoscam.

212 2749 237 2787 ,ο
791 2707 875 2772 XVI.

264 2865 375 2908 Domini
387 2867 586 2925 nummum,
603 2867 789 2908 annuntium
805 2869 845 2908 ET
861 2865 988 2909 utacum
1004 2866 1138 2910 OHNIBUB
1154 2861 1384 2916 AEQUIPBRAXDO

535 2954 651 2996 suarm
675 2953 799 2996 amomo
821 2954 951 2996 Uunnuuu
974 2953 1128 2996 uumerus.

307 3087 390 3153 Olim
414 3092 455 3168 te,
482 3087 578 3152 trater
600 3087 769 3168 carissime,
796 3087 881 3152 tama
904 3087 1107 3152 celeberrima
1127 3087 1322 3169 praedicante
1342 3101 1386 3147 co·

263 3190 359 3275 gnoui
387 3193 419 3255 et
440 3191 473 3254 in
496 3191 568 3256 sede
591 3191 728 3256 caritatis
752 3191 823 3272 illis,
852 3191 963 3274 quibus
985 3191 1051 3274 ipse
1074 3191 1186 3256 melius
1208 3194 1327 3256 tamena
1347 3187 1386 3251 di-

213 3319 239 3358 ss
266 3295 360 3376 spicis
393 3299 424 3359 et
450 3295 599 3360 caelestia
621 3295 786 3378 dulceque
809 3295 996 3376 consideras,
1026 3293 1123 3360 oculis
1146 3293 1260 3360 mentis
1282 3290 1385 3376 asperi,

265 3398 346 3462 unde
376 3399 473 3481 ipsius
504 3417 619 3464 nomeu
648 3399 808 3484 adscripsi,
838 3401 925 3464 cuius
952 3417 1082 3464 munere
1104 3398 1253 3464 donatum
1276 3415 1340 3462 esse
1360 3399 1386 3458 te

264 3503 336 3566 uidi.
365 3505 396 3567 et
417 3503 496 3585 ideo,
527 3503 603 3568 dum
625 3507 656 3569 te
679 3504 713 3569 in
738 3503 864 3588 speculo
887 3503 986 3568 cordis
1009 3503 1174 3587 diligenter
1204 3505 1235 3567 et
1262 3499 1387 3586 pulchri·

264 3607 406 3671 tudinem
434 3607 588 3672 interioris
618 3607 754 3673 hominis
782 3607 828 3672 tui
856 3607 1058 3672 uehementer
1080 3606 1226 3688 admiror,
1256 3605 1294 3670 ad
1315 3603 1388 3668 desi·

367 3769 412 3840 aa]
431 3769 464 3824 er.
486 3771 499 3825 1
519 3770 583 3838 neg.
596 3773 622 3836 e,
634 3773 657 3827 e.

307 3919 372 3972 lse
393 3915 488 3970 malim
513 3933 538 3986 u,
559 3915 726 3973 aemiliusS
792 3915 902 3985 5quod
924 3934 948 3984 c,
971 3915 1148 3985 quotquotS
1221 3915 1387 3985 dpietatac

263 4001 439 4058 9retuleram
456 4004 563 4072 scripsi,
581 4002 761 4060 retulerim&
823 4003 971 4058 accersione
988 4021 1012 4070 c,
1035 4002 1226 4058 accessiones
1287 4004 1318 4057 10
1335 3999 1389 4054 oili·

263 4087 377 4145 tiumS
447 4091 479 4145 13
500 4088 644 4146 fiducias
710 4089 911 4159 presummoS
978 4091 1011 4145 lt
1037 4087 1199 4158 leocritiae,
1227 4086 1391 4142 facieritisd

264 4177 296 4230 15
319 4174 435 4232 dictiue
487 4175 643 4232 intellexic
696 4179 728 4233 16
750 4175 971 4232 beatitudiuisS
1021 4177 1190 4231 litantes
1242 4177 1276 4230 28
1293 4173 1390 4228 maissi-

263 4261 364 4318 rnaeS
429 4261 624 4332 predicanteS
675 4264 709 4317 24
727 4261 874 4331 despicisc
925 4265 958 4318 27
973 4267 1036 4332 post
1055 4260 1197 4329 diligenter
1214 4261 1390 4316 racemos·

263 4347 368 4400 intueor
384 4350 481 4404 inserit
