2920 4928
261 435 311 490 XX
706 433 947 502 Prolegomena.

258 615 419 676 assecutus
451 615 499 675 est
530 629 611 675 anno
633 609 697 673 468
729 609 781 693 (of.
799 609 989 674 Mommseni
1012 609 1108 693 prael.
1126 629 1155 692 p.
1173 607 1389 687 XXXXVIII),

258 717 340 780 uude
364 713 472 781 a.468
496 713 632 779 441469
663 715 759 778 libros
783 714 947 779 Claudiani
974 717 1005 777 et
1033 714 1124 797 paulo
1153 716 1246 776 44444
1275 712 1389 776 litteras

259 821 367 884 Fausti
384 821 482 884 editas
499 839 568 884 esse
584 819 777 884 coniecerim.
816 837 890 883 nam
911 820 943 882 in
963 819 1109 902 epistula,
1133 817 1165 880 in
1182 835 1243 898 qua
1258 817 1390 898 queritur

258 924 458 1006 Claudianae,
488 924 570 1006 quod
593 924 735 989 Sidonius
758 924 881 988 libellos
905 924 984 1004 illos,
1014 942 1089 1005 quos
1114 940 1170 986 444
1193 922 1319 986 nomine
1342 937 1390 984 no-

258 1029 375 1092 bilitari
391 1046 453 1092 non
469 1028 597 1109 abnuat,
621 1029 707 1093 nullo
727 1046 878 1110 umquam
898 1028 1106 1111 impertiamit
1121 1027 1271 1108 rescripto
1293 1025 1392 1106 (crau-

259 1133 368 1196 dianus
400 1133 481 1215 apud
509 1133 669 1198 Sidonium
699 1153 745 1216 cp.
767 1133 832 1196 ΙΠΙ
859 1131 879 1195 2
906 1153 936 1214 p.
957 1130 1009 1213 53,
1030 1131 1072 1195 23
1085 1131 1135 1216 L.)
1163 1131 1306 1196 Sidonius
1335 1131 1390 1193 iam

258 1255 340 1320 papa
362 1237 546 1320 appellatur,
574 1238 593 1301 i.
617 1257 642 1301 e.
662 1237 859 1320 praepositus
887 1237 950 1300 iam
975 1240 1042 1301 erat
1064 1235 1225 1300 Aruernae
1249 1234 1392 1298 ecclesiae

259 1341 421 1424 episcopus
445 1339 552 1404 4469
577 1343 626 1405 441
649 1339 714 1404 470
736 1342 838 1404 144444
862 1339 913 1422 (41.
931 1341 1111 1404 Mommsen
1133 1339 1215 1423 1.1.),

301 1444 415 1509 Utrum
432 1443 576 1511 Sidonius
599 1463 712 1510 nomen
737 1446 814 1525 eius,
841 1449 948 1509 contra
971 1463 1064 1527 quem
1082 1443 1271 1510 Claudianus
1292 1442 1393 1526 dispu-

258 1550 349 1630 tauit,
377 1551 498 1614 nouerit
526 1569 633 1630 necne,
662 1550 713 1614 uix
737 1550 839 1613 ausim
863 1549 1041 1630 diiudicare,
1070 1566 1258 1630 quamquam
1287 1547 1392 1624 altum,

259 1655 296 1717 de
329 1673 387 1735 quo
419 1655 558 1736 queritur
589 1654 793 1735 Claudianus,
824 1653 940 1719 Sidonii
972 1654 1130 1718 silentium
1161 1653 1293 1716 fortasse
1327 1650 1393 1714 inde

259 1759 403 1841 explicari
426 1761 538 1842 potest,
563 1760 644 1840 quod
667 1759 861 1822 irascebatur
878 1757 1047 1823 Claudiano
1064 1758 1216 1822 Faustum
1239 1755 1300 1820 sibi
1321 1755 1393 1819 ami·

258 1863 418 1927 tissimum
442 1867 507 1927 tarn
531 1865 644 1927 acriter
666 1864 816 1946 carpenti.
863 1867 1024 1946 practerea
1051 1863 1164 1942 nescio,
1195 1879 1235 1925 an
1265 1879 1302 1924 ea
1332 1861 1394 1943 ipsa

260 1967 296 2030 de
320 1985 423 2048 causa,
452 1971 618 2050 postquam
643 1968 786 2050 precibus
809 1969 959 2051 fatigatus
984 1967 1154 2032 Claudiano
1177 1965 1322 2030 Sidonius
1349 1983 1394 2028 re-

259 2072 383 2153 spondit
406 2072 534 2154 eiusque
559 2089 636 2155 opus
657 2072 780 2156 magnis
802 2090 877 2136 sanc
897 2071 1042 2136 laudibus
1064 2069 1116 2154 (cf.
1132 2090 1162 2153 p.
1180 2067 1231 2150 79,
1248 2068 1331 2152 24.)
1348 2087 1394 2131 er·

260 2176 340 2256 tulit,
365 2175 527 2240 Claudiani
550 2177 671 2240 litteras
696 2177 760 2239 suis
784 2177 816 2240 iu
840 2177 958 2241 edendo
981 2175 1156 2258 praefixerit
1179 2211 1220 2220 -
1243 2175 1274 2238 id
1301 2191 1394 2238 unum

260 2280 436 2363 exemplum
467 2299 522 2362 per
552 2283 651 2344 totam
682 2281 886 2363 epistularum
916 2281 1155 2346 Sidonianarum
1184 2278 1395 2343 collectionem

259 2384 410 2466 reperitur
430 2421 482 2465 -,
506 2388 540 2448 ut
555 2385 670 2449 Fausto
692 2385 869 2450 ostenderet
888 2384 1033 2468 precibus
1055 2385 1182 2449 demum
1203 2385 1395 2460 secessisse,

259 2491 295 2552 ut
316 2487 458 2552 laudaret
473 2507 550 2572 opus
567 2489 719 2554 Faustum
736 2490 871 2554 amioum
888 2490 1087 2572 impugnans.
1127 2507 1222 2571 quare
1238 2487 1395 2553 Sidonium

260 2611 299 2655 44
330 2593 488 2656 diuinasse
519 2594 655 2675 quidem,
686 2593 755 2676 quis
787 2599 871 2658 esset
891 2593 1054 2658 Claudiani
1077 2593 1285 2674 aduersarius,
1317 2595 1396 2656 certe

260 2697 298 2760 de
322 2696 436 2761 Fausto
460 2698 560 2762 amico
584 2699 776 2762 mentionem
800 2699 969 2763 facientem
993 2699 1069 2780 eius,
1098 2719 1189 2782 pacm
1215 2706 1328 2760 contra
1356 2693 1396 2756 lo·

260 2799 375 2884 quitor
401 2800 445 2884 (p.
461 2801 514 2882 55,
531 2801 573 2865 20
585 2802 633 2882 L.)
658 2803 858 2885 Claudianus,
886 2821 949 2868 444
976 2803 1129 2888 cogitasse
1152 2801 1308 2867 Kruschio
1337 2819 1396 2864 nou

260 2923 386 2987 prorsus
410 2907 648 2989 adstipulamur.

304 3009 383 3075 Miro
408 3011 498 3074 modo
522 3011 554 3074 in
578 3010 740 3076 Claudiani
768 3013 935 3094 codicibus,
967 3030 1043 3095 quos
1075 3012 1221 3093 nidmus,
1252 3010 1397 3076 omnibus

261 3117 399 3178 extrema
421 3117 544 3179 tanturn
568 3116 719 3197 epistulae
743 3117 851 3181 Fausti
878 3135 950 3200 pars
975 3117 1011 3181 de
1036 3116 1251 3200 corporalitate
1278 3119 1397 3179 creatu·

260 3237 365 3282 rarum
389 3219 460 3283 inde
483 3237 502 3284 a
524 3219 628 3283 uerbis
652 3220 824 3304 praccipio
847 3231 884 3282 ut
911 3219 1120 3306 respondeam
1143 3221 1185 3303 (p.
1206 3219 1277 3300 173,
1293 3217 1328 3302 9)
1351 3239 1398 3282 re-

260 3323 378 3405 pcritur
394 3342 493 3406 neque
511 3323 628 3404 dubito,
645 3325 720 3406 quin
734 3323 887 3389 Gennadii
903 3325 1009 3389 uerbis
1026 3326 1107 3390 hanc
1123 3325 1248 3388 tertiam
1264 3327 1397 3402 tantum,

260 3430 296 3491 ut
318 3428 461 3508 diximus,
485 3432 607 3511 partem
630 3429 824 3511 respicientis
853 3430 890 3510 is,
919 3430 972 3512 qui
1000 3431 1137 3494 codicem
1162 3428 1333 3510 Claudiani,
1364 3447 1397 3491 er

261 3550 319 3613 quo
347 3533 445 3596 nostri
471 3533 544 3596 libri
570 3533 716 3615 pendent,
748 3534 952 3617 archetypum
979 3535 1113 3618 scripsit,
1145 3538 1319 3599 commotus
1348 3533 1398 3610 sit,

260 3641 295 3700 ut
324 3637 400 3701 duas
430 3637 546 3720 priores
578 3638 729 3721 epistulae
757 3641 862 3722 partes
890 3643 1055 3703 resecaret.
1102 3639 1157 3702 sed
1184 3639 1398 3703 Fordinandus

260 3741 381 3822 Oebrol,
409 3743 497 3805 cuius
521 3743 818 3807 commentationem
843 3743 879 3806 dc
906 3743 996 3824 libro,
1025 3744 1078 3825 qui
1105 3744 1229 3825 dicitur,
1256 3744 1398 3808 testimo-

260 3845 382 3910 niorum
410 3847 501 3910 modo
529 3847 855 3929 commemorauimuS,
888 3849 1030 3912 euincere
1058 3848 1179 3912 studuit
1201 3847 1398 3914 Gennadium

260 3949 435 4032 significare
460 3950 507 4014 his
531 3949 635 4014 uerbis
659 3968 736 4033 opus
754 3952 862 4016 Fausti
886 3971 969 4016 4444
985 3952 1189 4034 deperditum,
1213 3954 1299 4016 cuius
1315 3952 1399 4035 trag-

260 4057 401 4118 meutum
432 4058 567 4119 exstaret
597 4053 818 4120 Auctariorum
847 4058 947 4139 primo
978 4057 1089 4140 capite,
1121 4075 1200 4138 quae
1223 4057 1308 4122 Pitra
1334 4056 1355 4118 l.
1378 4057 1397 4118 1.

259 4157 337 4222 libro
360 4158 608 4223 testimoniorum
632 4159 744 4224 adiecit
768 4164 797 4224 et
824 4197 861 4206 —-
885 4166 961 4245 puto
990 4165 1098 4225 contra
1125 4161 1239 4225 codicis
1267 4162 1400 4226 auctori-

260 4267 358 4326 tatern
381 4297 422 4309 -
446 4263 484 4327 ab
508 4263 574 4345 ipso
594 4265 846 4329 testimoniorum
867 4267 945 4330 libro
967 4265 1110 4347 seiunxit,
1134 4269 1298 4349 propterea
1316 4265 1399 4347 quod

259 4365 345 4430 Pitra
371 4367 440 4431 illas
468 4369 666 4450 quaestiones
696 4372 727 4432 et
754 4371 982 4453 responsiones,
1011 4390 1045 4434 rr
1075 4363 1186 4452 fluibus
1210 4371 1289 4434 liber
1311 4371 1401 4432 testi-
