2920 4928
233 419 304 474 LXX
680 420 919 490 Prolsgomcna.

233 596 424 680 conlectum)
440 602 471 661 et
486 597 614 661 clericus
630 598 733 661 factus
749 601 806 678 est,
823 599 861 662 ot.
875 617 905 682 p.
918 596 992 678 415,
1008 595 1051 661 20
1071 595 1185 660 dubita
1201 597 1371 682 asinaeque

232 709 354 764 mutato
371 705 447 785 etp.
464 699 538 781 415,
555 699 596 764 26
616 711 772 786 superest,
789 711 826 764 ut
840 723 927 764 aurae
942 701 1242 778 conuersiouem,
1259 723 1370 786 quam

229 803 465 891 protulistis
499 804 539 866 iu
574 814 691 882 ueste,
723 803 868 890 probetis
898 805 934 868 iu
967 805 1070 869 corde.
1109 806 1320 889 Papianillem
1353 825 1371 870 a

233 910 401 975 Parthenio
424 910 554 993 coniuge
577 910 785 990 interfectum,
809 911 1012 975 Parthenium
1034 911 1137 993 ipsum
1161 929 1241 975 anno
1265 908 1330 973 548
1353 928 1371 973 a

233 1015 361 1078 Francis
391 1014 545 1097 lapidibus
576 1014 721 1078 obrutum
753 1034 821 1078 esse
852 1015 946 1078 tradit
975 1013 1142 1099 Gregorius
1169 1015 1370 1094 Turonensis,

233 1119 306 1182 hist.
323 1119 431 1182 Franc.
449 1117 497 1181 ΙΙΙ
521 1116 572 1181 36.

276 1223 443 1286 Praeterea
466 1243 482 1286 e
505 1222 621 1287 Ruricii
644 1224 786 1306 epistulis
810 1223 1018 1306 comperimus
1041 1242 1140 1287 unum
1163 1243 1199 1288 ex
1219 1222 1292 1287 filiis
1308 1223 1372 1288 Ru·

234 1328 300 1391 ricii
331 1327 369 1391 ab
400 1327 552 1410 Hesperio
583 1325 735 1391 Aruernis
745 1328 769 1411 ¹)
800 1328 964 1392 educatum
996 1347 1074 1408 esse,
1107 1329 1146 1391 cs.
1170 1327 1257 1411 ep.I
1289 1326 1311 1390 5
1342 1331 1372 1391 et

234 1452 263 1514 p.
282 1429 355 1511 356,
371 1431 393 1492 4
416 1429 666 1493 comnreudautes
683 1429 744 1494 tibi
754 1431 877 1516 pipnus
893 1441 1048 1508 uestrum,
1071 1430 1252 1516 depositum
1268 1441 1371 1507 tuum,

235 1535 329 1598 cuius
362 1556 418 1598 uos
448 1535 646 1620 susceptione
677 1535 801 1621 cepisti.
848 1535 908 1598 tibi
938 1537 1023 1599 euim
1052 1558 1139 1620 spem
1163 1536 1371 1620 posteritatis

234 1661 328 1716 meus,
360 1637 422 1700 tibi
450 1638 591 1702 solamen
620 1641 712 1703 uitae
738 1640 922 1726 praesentis
950 1650 979 1703 et
1011 1639 1155 1704 leuameu
1172 1687 1179 1702 .
1196 1690 1202 1702 .
1213 1639 1371 1727 futuras,

236 1739 297 1806 tibi
326 1743 387 1806 uui
420 1743 528 1806 cmuia
561 1765 630 1807 urea
664 1753 741 1807 uota
775 1744 924 1807 commisi.
969 1746 1046 1809 haec
1079 1745 1176 1810 uerba
1209 1747 1372 1828 scripsisse

236 1849 359 1912 uidetur
382 1849 534 1930 Ruricius
566 1867 637 1913 cum
668 1850 806 1913 nondum
836 1850 906 1931 plus
930 1869 1027 1914 unum
1051 1851 1189 1933 suscepit
1210 1849 1313 1914 filium
1337 1869 1372 1913 ei

235 1953 346 2034 Iberia,
370 1957 445 2036 puto
469 1953 671 2034 Ommatium,
702 1955 864 2037 postmodo
888 1954 1033 2018 clericum
1056 1953 1244 2034 Aruernum,
1276 1973 1373 2036 quem

235 2057 304 2121 aliis
328 2076 450 2139 quoque
477 2058 552 2122 locis
577 2076 670 2140 supra
693 2059 795 2123 allatis
820 2059 944 2122 maioris
967 2058 1096 2122 affectus
1125 2058 1227 2122 uerbis
1257 2060 1376 2143 magis-

236 2181 296 2243 que
319 2162 426 2225 laudat
448 2179 542 2243 quam
566 2163 699 2243 reliquos
722 2162 810 2227 filios.

278 2266 393 2330 Ruricii
424 2265 488 2330 filio
518 2268 621 2331 nescio
652 2269 700 2331 oni
731 2267 795 2331 filia
817 2267 956 2331 Namatii
987 2272 1018 2332 et
1046 2267 1227 2347 Cerauniae,
1259 2267 1375 2348 quibus

235 2371 395 2453 inscripsit
416 2371 560 2434 Ruricius
584 2371 733 2452 epistulas
757 2371 789 2435 ΙΙ
814 2371 897 2433 1-4
928 2372 1085 2453 (Namatio
1114 2373 1209 2436 etiam
1232 2391 1279 2453 ep.
1298 2370 1376 2434 115

236 2479 267 2538 et
290 2473 342 2554 62,
372 2475 541 2539 Cerauniae
572 2475 603 2538 11
635 2473 675 2538 15
706 2480 736 2539 et
762 2474 829 2556 50),
857 2477 973 2559 nupsit,
1001 2477 1040 2539 cf.
1057 2497 1086 2559 p.
1105 2473 1177 2556 372,
1196 2473 1235 2538 13
1258 2475 1375 2559 prius-

236 2600 332 2664 quam
346 2577 411 2659 fiet
422 2579 600 2663 pipuorum
613 2589 799 2642 nostrorum
814 2579 932 2642 uotiua
946 2579 1130 2642 coniunctio
1146 2585 1178 2644 ct
1192 2600 1221 2663 p.
1239 2579 1316 2662 374,
1337 2581 1377 2643 14

228 2681 381 2765 fitiorum
407 2683 629 2746 coniunctione
656 2683 858 2760 couectimur,
887 2685 941 2748 sed
968 2689 1167 2766 praematura
1193 2688 1295 2748 morte
1320 2685 1377 2749 ab·

235 2791 326 2870 repta
349 2791 407 2867 est,
433 2789 470 2850 cf.
488 2809 517 2870 p.
535 2787 609 2868 375,
626 2787 667 2850 26
687 2788 826 2873 perdidi
833 2787 953 2870 filiam,
977 2809 1074 2872 quam
1089 2797 1118 2851 et
1134 2810 1181 2851 me
1195 2789 1377 2872 suscepisse

237 2901 265 2953 et
287 2913 345 2953 uos
367 2891 513 2976 peruetisse
535 2890 743 2976 proteletur.

280 2995 338 3075 Qui
361 2996 477 3059 luerint
498 3003 643 3077 parentes
660 2997 776 3061 Ruricii
799 2999 937 3076 iunioris
962 3016 1055 3079 quem
1075 2999 1205 3062 senioris
1226 3003 1376 3080 nepotem

237 3105 268 3164 et
290 3101 468 3182 episcopum
484 3100 742 3165 Lemouicensem
757 3102 854 3165 fuisse
871 3121 906 3164 ex
922 3101 1086 3165 Fortunati
1106 3101 1262 3185 epitaphio
1278 3121 1379 3185 supra

237 3208 409 3268 memorato
433 3206 559 3284 scimus
584 3223 646 3268 non
668 3205 776 3287 liquet.

280 3309 422 3372 Fratrem
445 3309 590 3372 habuisse
613 3310 772 3373 Ruricium
788 3310 964 3390 Leontium,
987 3311 1026 3375 ad
1049 3329 1142 3392 quem
1166 3311 1287 3374 dederit
1312 3315 1379 3397 epi·

237 3413 352 3477 stulam
375 3413 406 3476 II
429 3411 472 3474 42
495 3433 649 3495 quemque
678 3416 772 3477 etiam
800 3415 831 3477 in
859 3415 981 3497 ep.18
1005 3418 1284 3479 commemoratum
1316 3417 1334 3500 (
1369 3455 1378 3464 -

238 3515 347 3593 dicem,
376 3537 467 3599 quem
496 3515 534 3578 de
554 3516 670 3600 fratre
696 3539 761 3579 oreo
784 3516 916 3580 Leontio
944 3539 991 3580 mc
1019 3518 1161 3602 recipere
1184 3517 1377 3606 iusserutis)

237 3639 300 3685 una
330 3639 401 3684 cum
432 3622 516 3684 omni
546 3622 637 3686 domo
662 3623 775 3687 Ruricii
798 3623 933 3686 Faustus
965 3624 1147 3686 salutauerit
1176 3622 1219 3705 (p.
1241 3621 1377 3705 215,11

237 3723 454 3786 indiuiduum
468 3723 583 3806 filium
605 3735 751 3788 uestrum
766 3725 934 3788 Leoutium
956 3747 1135 3810 omnemque
1156 3725 1294 3803 domum,
1318 3751 1380 3813 pu-

237 3827 329 3892 sillos
345 3851 415 3892 cosm
430 3829 621 3906 maioribus,
640 3830 699 3914 pio
715 3830 909 3914 sospitamus
926 3829 1061 3916 officio),
1077 3831 1252 3895 Kruschius
1267 3841 1381 3899 censet

236 3936 256 3998 l.
281 3935 301 3997 1.
326 3953 354 4016 p.
376 3933 472 3997 LXII.
520 3935 573 3998 sed
605 3935 691 3998 nulla
720 3955 753 3998 re
784 3936 977 4018 comprobari
1008 3938 1111 4018 potest
1140 3955 1222 4016 eum,
1253 3938 1331 4017 quia
1363 3960 1381 4004 a

283 4193 302 4260 ¹)
320 4193 360 4249 Ol.
375 4192 464 4245 Sidon.
479 4207 518 4260 ep.
530 4191 588 4244 1111
600 4194 634 4246 22
646 4209 671 4261 p.
683 4195 723 4257 72,
739 4195 781 4248 19:
801 4194 951 4263 Hesperius
965 4239 970 4248 .
985 4237 990 4248 .
1005 4239 1010 4248 .
1023 4211 1112 4263 aupes
1123 4195 1187 4249 urbe
1198 4211 1258 4250 eum
1270 4198 1381 4254 rediit

237 4298 250 4336 e
270 4281 444 4344 Tolosatium,
469 4278 496 4331 id
520 4277 590 4346 quod
615 4279 753 4348 episcopus
772 4279 907 4334 Aruernus
931 4280 981 4334 nisi
1001 4279 1032 4334 de
1055 4279 1162 4334 homine
1180 4279 1311 4336 Aruernis
1335 4285 1380 4340 de-

237 4369 315 4436 gente
334 4365 447 4420 scribere
466 4381 519 4419 non
537 4369 650 4435 poterat.
