2924 4924
552 392 617 446 1111.
638 392 747 448 Sermo
765 396 789 449 7.

516 656 517 660 =
635 621 705 686 VH.

548 767 591 806 DE
611 765 791 808 nuunmmu.

139 887 298 966 Proxime,
330 885 442 950 fratres
473 885 641 964 carissimi,
677 884 743 948 eius
774 883 831 947 diei
864 884 1085 968 redemptionis
1116 888 1239 949 nostrae

96 990 328 1056 celebrauimue
351 997 593 1070 sacramentum,
617 1005 678 1071 quo
701 989 777 1052 deus
801 989 960 1054 hominem
983 1007 1055 1052 curn
1078 989 1240 1054 iufirmita-

97 1095 184 1160 tibus
208 1095 318 1160 induit.
364 1095 455 1159 hodie
482 1113 557 1158 uero
580 1093 658 1158 illud
681 1093 864 1173 exconmus,
892 1111 953 1175 quo
977 1113 1010 1158 se
1033 1093 1109 1158 deus
1131 1094 1164 1158 iu
1187 1092 1242 1158 ho·
1282 1123 1294 1162 e

96 1201 184 1265 mine
208 1200 377 1264 uirtutibus
400 1199 571 1264 declararit
592 1217 647 1280 pro
671 1216 716 1278 eo,
748 1198 829 1280 quod
851 1198 882 1260 in
905 1197 964 1262 hae
990 1197 1039 1262 die
1066 1198 1133 1264 siue
1156 1197 1241 1262 caelo

96 1306 226 1370 stellam
256 1308 343 1368 ortus
375 1304 423 1368 sui
445 1304 592 1368 nuntium
615 1301 767 1386 praebuit,
799 1301 866 1366 siue
890 1302 970 1383 quod
993 1303 1025 1366 in
1048 1301 1135 1367 Cana
1156 1301 1242 1367 Gali-

94 1411 187 1474 laeae
221 1409 252 1472 in
287 1409 429 1472 conuiuio
464 1407 597 1491 nuptiali
632 1425 729 1488 aquas
765 1405 798 1470 in
831 1406 940 1470 uinum
974 1407 1138 1487 conuert't,
1174 1406 1241 1471 sius

95 1513 180 1595 quod
204 1515 236 1578 in
255 1513 396 1577 Iordanis
418 1512 511 1576 undis
534 1529 631 1593 aquas
655 1511 694 1574 ad
715 1511 942 1594 reparationem
965 1511 1095 1576 humani
1117 1511 1240 1595 generis

95 1631 150 1682 suo
176 1617 334 1699 baptismo
358 1617 560 1695 consecrauit,
585 1616 651 1680 siue
675 1614 756 1697 quod
779 1615 817 1679 de
834 1615 969 1698 quinque
992 1614 1126 1698 panibus
1150 1617 1239 1698 quiu-
1269 1645 1293 1683 ro

94 1741 155 1804 qne
181 1721 271 1786 milia
294 1721 457 1786 homiuum
473 1720 609 1784 satiauit.
641 1720 672 1782 iu
689 1718 827 1801 quolibet
849 1720 961 1784 horum
985 1719 1094 1784 salutis
1115 1723 1240 1784 nostrae

95 1827 248 1910 mysteria
269 1825 469 1890 continentur
498 1831 529 1888 et
551 1825 673 1908 gaudie.
719 1823 808 1888 nobis
832 1824 917 1888 cuim
941 1843 977 1888 er
1004 1824 1125 1908 uirgine
1148 1827 1241 1889 natus

95 1937 160 2011 est,
193 1931 277 2013 quod
308 1929 401 1995 stella
430 1929 628 1994 monstrauit.
679 1946 735 1992 uos
766 1929 798 1993 in
829 1929 942 1994 mehus
974 1947 1043 1994 esse
1074 1929 1240 1994 mutandos

94 2037 198 2119 operis
231 2035 383 2100 miraculo
411 2039 443 2100 et
471 2051 622 2116 aquarum
654 2033 856 2098 conrrersione
886 2033 1040 2116 signauit,
1072 2031 1161 2098 nobis
1192 2053 1240 2098 re·
1268 2021 1271 2034 ’

95 2140 204 2204 media
239 2139 376 2220 prouidit
405 2157 441 2202 ex
471 2137 644 2221 baptismo,
684 2136 766 2218 quod
796 2137 828 2200 in
859 2137 1001 2202 Iordanis
1032 2139 1121 2202 alueo
1151 2155 1240 2219 prae·
1268 2166 1292 2204 1⁵

95 2243 176 2323 buit,
211 2244 405 2326 prouocauit.
451 2245 483 2307 et
516 2243 599 2322 ideo,
634 2242 746 2306 iratres
780 2243 941 2322 carissimi,
981 2242 1013 2306 in
1047 2243 1133 2307 omni
1168 2247 1240 2306 actu

94 2351 203 2412 nostro
239 2347 365 2412 stellam
399 2346 470 2412 fidei
503 2347 717 2430 praeferamus
753 2351 784 2410 et
821 2346 853 2410 iu
888 2347 1062 2412 custodiam
1094 2347 1240 2429 puritatis

95 2451 215 2516 Christi
246 2451 441 2534 baptismum
469 2451 673 2531 celebremus,
704 2451 779 2532 quia
805 2453 837 2514 et
864 2451 942 2514 haec
970 2450 1084 2516 Christi
1111 2471 1240 2536 regene-

93 2557 175 2620 ratio
201 2559 275 2619 tuae
297 2554 369 2619 fidei
393 2555 587 2619 confirmatio
611 2559 669 2618 est.
714 2554 886 2618 insinnauit
909 2556 993 2619 euim
1021 2555 1078 2620 tibi
1101 2557 1239 2620 muneris

93 2662 143 2725 sui
159 2659 349 2725 heneficium
369 2679 424 2744 per
448 2660 603 2724 secundae
626 2658 800 2724 natiuitatis
824 2660 1002 2742 exemplum
1026 2663 1066 2740 et,
1090 2660 1170 2741 quod
1193 2660 1239 2724 fa·
1266 2687 1292 2724 so

92 2783 164 2830 cere
189 2769 223 2828 te
246 2764 356 2845 uoluit,
379 2765 463 2847 prior
486 2765 567 2828 lecit.

135 2869 290 2952 Legimus
312 2868 444 2934 Iudaeos
468 2869 593 2932 diuersa
615 2867 673 2932 sub
697 2869 767 2952 lege
790 2867 937 2932 habuisse
961 2867 1161 2949 baptismata,
1185 2868 1239 2931 sed

93 2973 219 3038 nullum
244 2991 280 3036 ex
303 2972 352 3036 his
368 2977 477 3038 contra
498 2972 776 3054 praeuaricationis
797 2972 916 3036 malurn
939 2971 1117 3056 generalem
1140 2973 1240 3054 potuit

91 3079 237 3142 conferre
261 3075 457 3142 medicinam.
501 3081 532 3140 et
554 3077 622 3141 ideo
645 3095 701 3161 pro
725 3075 918 3140 absolutione
941 3077 1036 3140 totius
1060 3077 1169 3140 mundi
1191 3077 1241 3142 iu-

92 3181 246 3266 digebant
269 3182 512 3266 regenerationis
535 3199 634 3263 aquae
657 3181 789 3246 caelitus
812 3179 998 3245 sanctificari
1022 3184 1063 3260 et,
1091 3181 1164 3263 quia
1184 3201 1240 3264 per
1267 3209 1293 3248 as

91 3289 281 3352 uniuersum
297 3286 448 3350 mnndum
466 3291 698 3350 sacramentum
722 3285 870 3368 baptismi
887 3286 1024 3349 humano
1039 3287 1146 3368 generi
1162 3305 1240 3370 opus

91 3396 171 3472 erat,
200 3390 346 3455 omuibus
374 3391 462 3473 aquis
489 3390 737 3455 benedictionem
766 3390 860 3470 dedit,
889 3389 1012 3471 quando
1040 3389 1071 3454 in
1099 3389 1240 3455 Iordanis

91 3497 184 3560 alueo
207 3495 301 3558 unica
319 3513 355 3558 ac
378 3495 527 3579 singulari
549 3495 665 3578 pietate
681 3493 849 3558 descendit.
889 3498 964 3558 tuuc
980 3495 1063 3558 enim
1080 3493 1240 3560 Christum

133 3715 151 3768 2
171 3710 270 3780 incipit
288 3710 320 3764 de
332 3711 475 3780 epiphania
491 3712 519 3764 iu
537 3711 637 3779 uigiliis
657 3709 769 3764 dicenda
787 3711 816 3764 D
868 3715 885 3766 3
904 3711 946 3764 die
965 3713 994 3766 D
1047 3714 1063 3766 6
1081 3711 1149 3780 siue]
1169 3712 1240 3780 quod

89 3801 118 3854 in
137 3797 384 3868 adddupMac.
457 3797 595 3851 'Ichanan
613 3799 643 3852 D
713 3797 866 3852 9humauo
885 3799 915 3852 D
987 3801 1019 3853 10
1038 3797 1241 3852 siue-satiauit

90 3885 238 3942 mmMoa.
303 3885 334 3940 12
357 3885 477 3940 misteria
499 3885 528 3939 D
590 3885 660 3938 enim
679 3886 760 3955 Aug,
783 3883 846 3938 bD
909 3887 940 3940 13
958 3887 1042 3940 uerba
1061 3901 1240 3955 nos—prouo-

90 4000 165 4054 cauit
184 4000 330 4053 immatato
348 3999 474 4068 teporatur
490 3998 566 4067 apud
579 3999 655 4053 Mon.
670 3999 777 4067 etAop.
832 3997 972 4052 motandos
985 3999 1014 4052 D
1069 3967 1196 4066 ll⁵quard
1210 3999 1240 4054 D
1321 4001 1325 4010 ’

92 4091 124 4144 15
144 4083 282 4140 babtismo
301 4085 330 4139 D
393 4083 469 4138 albco
487 4087 516 4139 D
586 4087 617 4140 17
636 4085 752 4138 emuna
769 4085 798 4138 D
869 4088 901 4141 19
920 4084 1079 4154 tuac-tibi]
1099 4088 1238 4138 nostroe-

91 4173 171 4228 uobis
185 4173 263 4228 Mox,
277 4173 347 4242 Aac.
396 4174 430 4228 20
443 4170 574 4242 exempljtri
589 4173 617 4227 D
664 4171 913 4228 aababtismatan
959 4175 993 4228 24
1006 4171 1240 4228 ahsolutionemD

90 4263 125 4317 25
144 4260 308 4330 squallida.
371 4263 406 4315 26
425 4258 552 4314 babtismi
572 4263 600 4315 D
653 4258 830 4332 2811111101),
850 4257 956 4314 alueum
969 4259 1046 4316 Marc,
1061 4263 1131 4332 Aug.
1186 4259 1239 4318 siu-

91 4347 188 4418 gulare
207 4347 237 4403 D
293 4345 427 4402 discendit
444 4348 473 4404 1)
