2920 4928
262 411 380 466 XXVIII
708 412 952 480 Prolegomena.

263 595 363 653 torum
397 589 554 652 sententia
582 589 614 651 in
646 587 803 651 codicibus
830 605 904 670 prae
932 588 1103 667 scierunt,
1130 592 1237 651 tamen
1265 588 1392 670 corporis

262 695 311 758 uel
342 694 532 758 collectionis
564 693 662 756 instar·
692 691 783 756 nobis
812 691 919 755 traditi
950 695 1038 772 sunt,
1068 710 1202 772 cumque
1233 711 1272 756 ne
1302 711 1392 756 unum

262 799 387 880 quidem
411 809 587 861 sermonem
616 816 652 859 er
675 796 713 858 iis
737 796 853 860 Fausto
877 796 970 860 certis
998 797 1192 879 argumentiS
1220 795 1393 874 abiudicari,

262 905 352 986 longe
376 902 527 985 plurimos
551 903 657 964 autem
680 903 756 964 satis
777 903 860 965 certo
881 901 1048 964 adiudicari
1063 919 1153 983 posse
1169 902 1392 966 demonstrasse

262 1007 351 1072 nobis
374 1006 560 1086 uideremus,
573 1008 683 1070 totam
706 1005 923 1070 collectionem
939 1005 1055 1069 Fausto
1077 1005 1235 1069 uindicare
1258 1023 1323 1071 uon
1345 1005 1394 1068 du-

261 1111 441 1176 bitauimus

303 1215 421 1279 Fadem
447 1215 512 1279 fere
540 1214 779 1298 argumentandi
810 1215 861 1278 uia
888 1215 936 1278 usi
963 1233 1073 1296 corpus
1100 1215 1178 1278 illud
1209 1233 1393 1293 sermonum,

261 1321 314 1402 qui
338 1319 463 1384 codice
487 1319 714 1382 Durlacensi
742 1319 831 1383 nobis
859 1320 934 1382 satis
958 1319 1093 1402 pretioso
1116 1319 1292 1400 traduntur,
1321 1321 1393 1384 Fau·

261 1426 399 1488 stianum
427 1443 495 1487 esse
526 1424 686 1486 euicimus.
725 1423 844 1487 accedit
874 1424 956 1506 quod
986 1425 1017 1487 in
1045 1424 1191 1508 genuinis
1222 1424 1393 1489 Faustianis

260 1529 463 1612 agnoscendis
488 1527 614 1592 meliore
638 1527 818 1592 condicione
842 1547 936 1610 quam
959 1529 991 1592 in
1014 1529 1169 1610 plerisque
1185 1528 1254 1594 aliis
1270 1530 1394 1612 scripto-

260 1633 346 1697 ribus
373 1633 498 1696 utimur.
537 1649 729 1714 quamquam
758 1632 842 1696 euim
870 1632 992 1696 dicendi
1019 1651 1118 1716 genus
1146 1633 1178 1696 in
1203 1632 1393 1700 sermonibus

259 1739 411 1802 usitatum
434 1737 582 1801 orationis
606 1737 860 1819 proprietatibus,
888 1736 1000 1818 quibus
1024 1737 1156 1820 scriptor
1179 1739 1309 1821 agnosci
1329 1755 1394 1820 pos-

260 1845 310 1924 sit,
334 1843 518 1925 plerumque
546 1844 630 1905 caret
653 1860 753 1922 neque
778 1860 813 1903 eu
837 1841 969 1904 materia
990 1844 1125 1904 tractata
1151 1841 1221 1924 ipsa
1243 1842 1305 1906 nisi
1331 1861 1395 1924 per-

259 1966 327 2012 raro
357 1948 527 2030 uestigium
559 1947 694 2010 auctoris
725 1946 980 2028 deprehenditur,
1011 1945 1160 2026 Faustus,
1192 1964 1271 2028 quae
1303 1945 1394 2010 semel

260 2052 339 2115 bene
371 2051 490 2114 dixerat
519 2051 570 2114 uel
602 2051 680 2114 liene
704 2050 818 2113 dixisse
842 2049 900 2113 sibi
924 2050 1010 2114 uisus
1034 2054 1092 2130 est,
1125 2051 1200 2114 adeo
1228 2050 1394 2128 adamabit,

258 2161 292 2220 ut
314 2157 427 2220 iterum
451 2159 542 2236 atque
565 2155 679 2218 iterum
700 2157 865 2237 repeteret,
891 2173 986 2236 quare
1002 2155 1106 2219 omnia
1121 2154 1280 2218 Faustise
1296 2157 1395 2238 ipsum

258 2260 461 2324 exscribendis
484 2277 579 2340 opera
601 2257 840 2341 repetitionibus
856 2262 989 2339 scatent,
1011 2258 1043 2322 id
1059 2259 1139 2340 quod
1154 2259 1186 2322 in
1202 2260 1395 2324 sermonibus

257 2365 456 2447 potissimum
481 2363 685 2447 agnoscendis
713 2364 830 2452 summi
857 2364 1007 2428 momenti
1036 2367 1084 2427 est
1108 2367 1139 2427 et
1161 2363 1260 2428 critici
1285 2382 1395 2428 munus

258 2470 341 2533 haud
365 2469 560 2533 mediocriter
584 2468 738 2532 subleuat.
777 2487 873 2550 quare
905 2469 937 2532 in
966 2469 1028 2532 illis
1056 2485 1177 2550 quoque
1200 2468 1394 2534 sermonibus

257 2574 444 2654 FaustianiS,
469 2573 522 2654 qui
546 2573 730 2656 singillatim
753 2572 834 2636 inter
854 2573 930 2636 alias
947 2573 1079 2637 aliorum
1097 2573 1282 2656 scriptorum
1300 2573 1396 2637 homi-

257 2679 314 2742 lias
338 2678 442 2742 traditi
466 2681 549 2757 sunt,
574 2677 786 2740 exauriuandis
811 2678 927 2741 maiore
951 2676 1139 2741 confidentia
1166 2695 1259 2758 quam
1283 2678 1315 2742 in
1339 2678 1395 2740 alio

257 2782 405 2864 scriptore
422 2781 531 2845 Fausti
554 2782 662 2845 stilum
682 2782 872 2864 inuestigare
889 2783 920 2844 et
935 2780 1067 2863 probare
1082 2785 1273 2864 poteramus,
1297 2801 1396 2865 prae-

256 2887 386 2949 sertim
410 2905 491 2949 cum
514 2885 645 2950 Fausti
667 2889 797 2968 utpote
819 2905 858 2948 er
880 2886 1085 2949 multorum
1105 2887 1299 2951 sententia
1316 2887 1395 2950 bae-

257 2991 367 3054 retici
390 3009 523 3054 uomen
546 2991 670 3073 potius
694 2990 861 3054 deletum
885 3009 993 3072 quarn
1021 2990 1187 3054 addItum
1214 3009 1297 3054 esse
1325 3010 1396 3054 ser-

257 3095 429 3159 monibus
460 3095 520 3158 uir
551 3095 748 3176 quisquam
772 3095 923 3158 infitias
947 3095 1034 3158 ierit
1057 3098 1148 3176 atque
1176 3095 1395 3178 comprobetur

256 3203 286 3262 et
310 3199 396 3262 libris
421 3200 457 3262 de
482 3199 593 3282 spiritu
617 3203 734 3279 sancto,
767 3200 819 3281 qui
849 3200 882 3262 in
910 3199 1055 3262 omnibus
1078 3203 1202 3280 praeter
1225 3219 1324 3264 unum
1347 3218 1396 3263 co·

255 3303 375 3366 dicibus
391 3303 552 3368 Paschasii
569 3304 690 3368 diaconi
707 3304 832 3368 nomine
849 3304 1120 3384 circumferuntur,
1145 3308 1176 3368 et
1196 3305 1395 3368 homiliarum

254 3409 447 3488 collectione,
472 3427 551 3490 quae
575 3407 712 3488 Fuscbii,
736 3426 797 3472 uon
820 3408 929 3471 Fausti
953 3407 1078 3472 nornine
1102 3408 1141 3472 ad
1164 3427 1220 3472 nos
1244 3411 1395 3491 peruenit.

254 3513 380 3594 itaque
403 3512 532 3576 Fausti
557 3529 694 3576 'nomen
726 3512 839 3576 toties
869 3531 888 3575 a
917 3511 1087 3575 librariis
1114 3513 1272 3576 consilio
1300 3514 1395 3577 dele·

255 3621 331 3680 tum
359 3617 537 3681 homiliae
565 3617 709 3680 cuidam
737 3618 774 3681 in
802 3615 994 3681 codicibus
1021 3617 1298 3700 praescriptum
1325 3637 1395 3682 ure-

253 3723 367 3786 iorem
387 3722 658 3786 auctoritatem
673 3721 816 3785 ‘babere
838 3739 946 3803 quarn
962 3719 1167 3804 Augustini
1188 3739 1338 3804 nomen,
1359 3727 1393 3786 ul

254 3827 320 3890 hoc
351 3827 518 3908 erernplo
550 3829 649 3906 utar,
681 3827 794 3890 toties
825 3845 843 3888 a
872 3825 1043 3890 librariis
1070 3826 1283 3890 adamatum
1307 3828 1395 3890 milri

252 3949 473 4013 persuasum
498 3933 562 3994 est.
603 3929 657 3992 sed
680 3929 757 3993 haec
780 3930 928 3994 hocloco
952 3931 988 3994 de
1009 3929 1206 3995 sermonibus
1222 3930 1395 4004 sufficiant;

253 4035 383 4116 reliqua,
407 4052 479 4096 curn
503 4034 541 4096 de
564 4037 667 4097 textus
691 4033 762 4097 crisi
785 4051 926 4116 agemus,
950 4034 1104 4099 dabimus.

296 4139 477 4218 Restabat
501 4138 537 4201 de
562 4127 747 4219 quibusdam
772 4138 843 4210 aliis
867 4139 990 4222 scriptis
1013 4138 1111 4204 uerba
1130 4139 1292 4219 iaciamus,
1317 4159 1395 4222 quae

254 4243 312 4306 uiri
337 4243 418 4305 docti
441 4242 557 4306 Fausto
580 4242 737 4306 immerito
761 4243 1009 4307 uindicauerunt.
1049 4263 1085 4308 ac
1104 4244 1240 4326 primunr
1256 4245 1396 4325 quidem,

253 4350 421 4428 autequam
445 4346 483 4410 ad
504 4345 628 4429 singula
644 4363 738 4429 opera
755 4347 967 4412 enumeranda
982 4349 1177 4428 accedamus,
1201 4351 1394 4414 monendum
