2920 4928
143 482 145 488 y
262 417 335 470 XXX
708 413 950 482 Prolegomena.
1067 452 1068 455 ,

262 613 297 657 ex
325 594 464 657 codicum
493 591 677 656 anctoritate
708 595 774 654 tum
806 609 842 653 ex
872 589 995 652 dicendi
1021 606 1135 672 genere
1162 589 1194 651 ln
1222 605 1258 650 eo
1285 587 1388 650 usitato

262 697 547 763 demonstrauimus
577 697 610 759 iu
640 695 896 759 commentariolo
926 693 964 756 de
995 693 1078 756 ueris
1114 695 1147 756 et
1180 691 1261 755 fictis
1292 689 1388 754 Fausti

261 803 384 886 seriptis
401 801 546 886 (them.
558 819 666 884 gymn.
679 801 775 864 austr.
790 795 874 861 1890
889 817 919 880 p.
936 795 1013 879 293)
1029 814 1197 877 eorumque
1214 797 1389 879 argumenta

262 907 542 986 corroboraubnus,
569 905 622 986 qni
644 904 740 968 libros
764 903 801 967 de
824 903 926 986 gratia
948 901 1109 966 Sidonium
1132 900 1313 984 intellegere
1333 899 1387 961 iam

262 1011 380 1075 dudum
402 1011 558 1074 uiderunt.

305 1114 423 1179 Eodem
439 1115 506 1178 loco
522 1114 741 1192 Baeumerum,
766 1112 819 1194 qui
837 1112 970 1175 alterum
986 1127 1108 1192 quoque
1124 1109 1308 1191 opusculum
1323 1123 1389 1171 ano·

261 1237 401 1302 nymum,
425 1218 508 1300 quod
528 1217 707 1282 inscribitur
722 1213 944 1278 Brouiarium
958 1212 1045 1296 fidei
1067 1211 1229 1274 aduersas
1245 1210 1388 1285 Arianos,

261 1323 420 1387 uindicare
443 1323 559 1386 Fausto
582 1321 776 1405 Stiltingium
804 1323 929 1390 secutus
957 1319 1085 1398 studuit,
1115 1321 1146 1382 et
1168 1316 1390 1382 Ferdinandum

263 1427 386 1507 Oebrol,
410 1427 464 1509 qui
486 1426 601 1490 librum
624 1425 875 1489 testimoniorum
896 1423 970 1487 fidei
993 1425 1103 1488 contra
1117 1421 1297 1486 Donatistae
1318 1421 1389 1484 falso

260 1531 437 1615 Augustino
461 1531 632 1613 ascriptum
655 1529 762 1594 Fausti
786 1547 854 1593 esse
877 1528 987 1607 noluit,
1015 1526 1126 1609 quibus
1151 1526 1189 1590 de
1212 1523 1391 1608 quaestioni·

260 1635 320 1699 bus
344 1635 552 1715 conterantur,
575 1653 653 1716 quae
676 1653 771 1716 supra
793 1653 824 1716 p.
840 1632 948 1696 XVIII
965 1632 1109 1712 diximus,
1132 1630 1389 1714 impugnabimus.

304 1739 341 1803 ln
358 1739 501 1822 epistula,
525 1756 620 1820 quam
637 1737 722 1801 dedit
737 1737 911 1820 Dynamius
927 1735 1087 1819 patricius,
1108 1735 1161 1816 qui
1176 1735 1275 1798 uitam
1291 1753 1315 1798 s.
1328 1733 1391 1797 Mu-

233 1831 335 1906 ¹ximi
358 1843 499 1907 Reiensis
529 1841 722 1925 conscripsit,
753 1841 792 1905 ad
815 1839 975 1920 Urbicum,
1007 1839 1061 1922 qui
1088 1839 1211 1903 saeculo
1239 1837 1302 1902 lere
1328 1839 1392 1920 post

260 1948 411 2012 Faustum
445 1949 477 2010 in
507 1947 721 2029 episcopatum
750 1945 916 2010 Reiensem
947 1944 1111 2024 successit,
1146 1943 1223 2007 haee
1252 1943 1392 2027 leguntur

260 2051 393 2134 (Sarius,
423 2052 470 2114 De
493 2050 632 2133 probatis
656 2053 834 2114 sanctorum
861 2049 1009 2128 historiis
1038 2046 1184 2113 Coloniae
1206 2047 1391 2131 Agrippinae

263 2153 356 2236 1581,
379 2155 423 2219 VI
447 2154 538 2238 647);
566 2163 679 2218 uetera
701 2175 760 2216 aas
782 2153 1101 2239 iqitarcbartarum
1123 2148 1282 2212 iudicasti
1309 2149 1391 2233 (scri-

261 2259 398 2324 bendum
426 2257 613 2342 indicastis)
641 2257 822 2320 recoluisse
849 2255 1035 2333 uolumina,
1067 2255 1103 2318 ia
1130 2275 1226 2340 quae,
1254 2252 1334 2339 quid
1358 2273 1392 2314 oa

261 2364 332 2426 cias
356 2363 434 2445 (scil.
452 2363 596 2446 Maximi)
620 2360 773 2448 operibus
798 2360 975 2424 beatissimi
992 2359 1111 2422 Fausti
1131 2357 1291 2422 antistitis
1302 2378 1392 2444 prae·

260 2469 434 2533 decessoris
468 2469 574 2533 uestri
607 2467 758 2532 sollertia
793 2467 913 2531 deuota
946 2465 1134 2553 colleperat:
1171 2464 1258 2529 ande
1286 2484 1391 2550 pauca

259 2596 355 2637 sensa
374 2574 487 2660 potitae
511 2595 608 2658 qaam
630 2571 744 2636 obtata
760 2572 822 2635 aia
837 2572 1019 2635 discernere
1030 2569 1199 2656 potuistis.
1237 2591 1312 2632 nam
1323 2566 1391 2654 pia-

260 2679 346 2740 rima
377 2677 524 2741 aemulae
555 2677 728 2740 uetustatis
758 2675 902 2740 edacitas
929 2683 1181 2760 consumpserat,
1211 2696 1293 2760 qaae
1323 2672 1391 2735 iala-

261 2782 346 2846 bant.
371 2783 457 2868 qaod
478 2782 546 2845 uisi
568 2781 767 2867 scriptoram
789 2802 933 2844 meorum
954 2779 1038 2843 serie
1060 2787 1210 2842 aeternae
1229 2777 1392 2842 memoriae

261 2887 473 2951 traderentur
490 2908 602 2972 pauca
626 2885 664 2949 oie
684 2883 853 2970 pluribus,
876 2885 959 2947 eatis
982 2905 1047 2948 esse
1062 2883 1203 2970 impium
1218 2880 1390 2948 censuistis.

260 3013 276 3057 e
308 2993 418 3075 quibus
449 2993 554 3056 uerbis
585 2992 663 3056 satis
694 2991 846 3074 corruptis
877 2991 1004 3072 quidam
1034 2989 1093 3053 uiri
1123 2989 1205 3053 docti
1236 2989 1392 3072 collegisse

260 3098 413 3162 Faustum
437 3099 644 3160 monumenta
670 3096 710 3160 ad
737 3095 935 3160 scribendam
957 3113 982 3158 s.
999 3093 1130 3158 Maximi
1157 3093 1328 3158 decessoris
1350 3089 1392 3155 sui

260 3204 358 3265 uitem
381 3201 580 3265 conlecerunt
600 3219 697 3282 eaque
713 3201 811 3283 petIta
827 3218 895 3263 esse
911 3199 1054 3281 sequenti
1069 3199 1193 3262 saeculo
1210 3216 1229 3262 a
1243 3195 1393 3281 Dynamio

260 3305 391 3370 Maximi
414 3306 512 3369 uitam
536 3303 688 3388 scripturo
712 3304 766 3368 sed
790 3304 920 3367 inuenta
943 3321 1011 3367 esse
1028 3301 1067 3366 ab
1084 3301 1199 3367 Urbico
1215 3303 1394 3384 consumpta

260 3409 408 3474 ablattis
440 3413 495 3474 aut
524 3410 654 3491 puluere
685 3411 838 3490 corrupta.
878 3407 991 3489 quibus
1023 3407 1200 3489 obloquitur
1223 3405 1393 3489 Stiltingius

260 3519 292 3579 et
314 3515 411 3578 uerba
428 3535 541 3598 panca
564 3517 596 3578 ei
613 3510 769 3604 plurima
791 3509 937 3575 aemulum
960 3511 1133 3574 uetustatis
1161 3509 1307 3574 edacitas
1328 3528 1394 3572 ooa-

199 3624 203 3632 ’
258 3627 442 3703 sumpserat
464 3619 502 3682 de
524 3619 622 3702 gestis
643 3617 782 3699 Maximi,
806 3636 868 3682 non
892 3617 929 3680 de
953 3616 1077 3698 scriptis
1094 3615 1202 3680 Fausti
1225 3616 1309 3680 dicta
1329 3630 1393 3677 esse

260 3723 436 3787 arbitratur.
481 3723 620 3805 potuisse
651 3725 757 3786 autem
787 3739 886 3806 pauca
917 3723 1041 3785 tantum
1072 3720 1110 3783 de
1140 3721 1238 3804 gestis
1269 3714 1395 3784 Maximi

259 3827 405 3910 colligere
433 3826 594 3906 Urbicum,
625 3826 708 3908 quod
738 3826 873 3890 Faustus
903 3843 1003 3908 pauca
1033 3828 1159 3888 tantum
1189 3825 1227 3888 de
1256 3823 1346 3888 rebus
1377 3837 1395 3882 a

259 3931 399 3995 Maximo
421 3932 519 4014 gestis
541 3931 575 3994 in
605 3931 724 4012 aliquot
752 3930 889 3994 homiliis
919 3929 1058 3994 breuiter
1087 3929 1330 4011 perstrinxisset;
1363 3928 1395 3988 et

260 4054 334 4100 sane
364 4037 465 4099 exstat
492 4035 622 4098 homilia
648 4034 754 4098 Fausti
782 4035 819 4098 de
848 4053 872 4098 s.
893 4033 1032 4097 Maximo
1060 4033 1204 4116 episeopo
1232 4037 1263 4096 et
1285 4029 1394 4096 abbate

259 4141 340 4204 inter
370 4138 703 4203 Pseudo-Eusebianos
733 4137 898 4202 XXXIIII.
944 4142 1076 4219 unaque
1106 4142 1213 4202 autem
1243 4133 1396 4201 sententia

260 4244 453 4324 aliquantum
476 4260 496 4306 a
517 4261 591 4306 uero
614 4242 778 4306 abhorrere
806 4242 884 4305 mihi
910 4242 1042 4305 uidetur.
1088 4242 1197 4326 negari
1224 4240 1306 4305 enim
1331 4255 1394 4300 non

257 4351 361 4428 potest
384 4349 433 4430 agi
456 4347 494 4410 de
517 4345 696 4410 obortarum
720 4345 932 4410 uolumInibus
955 4349 1118 4410 uetustate
1141 4345 1301 4428 corruptis,
1322 4360 1395 4405 cunr
