2886 4928
250 395 312 460 154
627 395 663 450 11.
682 397 727 450 De
746 397 868 466 spiritu
887 401 1000 450 saneto

248 571 305 634 dei
335 572 490 654 loquens
518 572 610 637 dicit
640 573 839 638 anathema
862 573 956 637 Iesu.
995 577 1030 637 et
1053 591 1157 636 nemo
1179 577 1307 656 potest
1330 573 1372 634 di·

248 695 329 740 cere
349 675 517 740 dominus
533 676 639 742 Iesus
663 677 735 742 nisi
755 679 790 742 in
812 677 946 760 spiritu
967 681 1105 741 saneto.
1145 677 1283 756 aduerte,
1308 694 1372 758 qno

248 780 339 844 modo
369 779 420 844 hio
450 781 594 864 spiritum
625 782 674 846 dei
705 783 849 866 spiritum
879 785 1024 846 sanetum
1055 799 1123 845 esse
1150 780 1372 846 absolutissime

248 884 432 968 designauit.
450 885 495 950 de
518 885 629 969 spiritu
652 890 770 967 saneto,
793 904 886 969 quem
902 885 1053 970 superiori
1069 885 1224 950 sententia
1239 885 1371 968 spiritum

209 1015 221 1054 θ
248 989 297 1052 dei
317 989 401 1072 loqui
423 991 593 1074 proposuit,
617 991 767 1075 perspice,
790 1009 870 1074 quae
893 993 1076 1072 sequuntur,
1100 1007 1194 1072 quam
1217 989 1373 1053 manifeste

247 1093 335 1157 illum
360 1092 452 1158 deum
476 1098 507 1159 et
533 1094 694 1159 domiuum
722 1115 791 1160 esse
818 1099 987 1160 testentur:
1022 1094 1241 1174 diuisiones‚
1272 1092 1372 1174 inquit,

247 1199 453 1281 gratiarum
483 1202 583 1280 sunt,
616 1199 711 1264 ἰάθη]
747 1203 870 1264 autem
901 1199 1072 1282 spirituo,
1107 1202 1143 1262 et
1176 1197 1373 1262 diuisiones

247 1303 567 1367 ministrationum
598 1307 698 1386 sunt,
729 1305 823 1369 idem
856 1307 978 1368 autem
1009 1302 1193 1383 dominus,
1228 1305 1264 1366 et
1294 1300 1374 1366 diui·

248 1406 371 1471 siones
394 1409 654 1492 operationum
677 1413 778 1490 sunt,
809 1409 903 1473 idem
934 1412 1057 1472 autem
1085 1407 1183 1470 deus.
1221 1410 1373 1488 tamquam

197 1535 221 1573 10
248 1511 274 1574 si
305 1509 415 1575 beatus
446 1513 603 1594 apostolus
633 1513 671 1577 de
702 1513 828 1596 spiritus
856 1513 955 1578 saneti
983 1512 1146 1576 diuinitate
1173 1511 1285 1576 fuisset
1310 1527 1374 1572 oon-

248 1615 359 1695 sultus,
383 1616 551 1697 euidenter,
582 1618 620 1682 de
643 1635 702 1700 quo
726 1618 856 1682 dixerat:
887 1617 982 1682 idem
1006 1616 1179 1700 spiritus,
1210 1615 1247 1678 de
1272 1633 1306 1678 eo
1328 1612 1375 1676 ad-

247 1718 307 1784 dit:
330 1719 426 1785 idem
447 1721 551 1801 deus,
572 1722 633 1806 qui
654 1725 830 1806 operatur
850 1721 973 1786 omnia
992 1722 1029 1785 in
1049 1719 1230 1784 omnibus.
1264 1715 1374 1802 operari

247 1825 352 1888 omnia
381 1843 442 1890 non
473 1829 588 1910 posset,
620 1827 645 1890 si
677 1830 759 1890 esset
788 1845 869 1890 unus
900 1845 936 1890 ex
966 1823 1121 1891 omnibus.
1159 1823 1210 1887 hio
1239 1824 1375 1906 spiritum

247 1931 391 1993 sanetum
414 1933 480 1994 tam
503 1931 535 1994 in
559 1949 614 1994 suo
638 1931 762 1995 nomine
786 1949 880 2014 quem
903 1930 935 1994 in
959 1929 1084 1994 domino
1107 1931 1139 1993 et
1158 1929 1214 1992 deo
1230 1931 1286 1991 aut
1301 1929 1375 1990 uerte

196 2057 220 2095 η
247 2033 406 2098 euidenter
430 2053 609 2118 expressum
634 2039 688 2099 aut
709 2039 792 2099 oerte
815 2035 948 2099 trinitati
971 2051 1104 2118 agnosce
1126 2033 1288 2097 sooietum.
1326 2028 1374 2093 sed

247 2137 296 2201 hio
329 2137 361 2201 in
392 2138 543 2204 donorum
574 2139 778 2204 diuisionibus
809 2139 911 2222 magis
942 2156 1044 2202 sermo
1078 2138 1201 2202 diuinus
1236 2137 1375 2220 spiritum

247 2245 391 2306 sanetum
421 2243 612 2328 intellegitur
641 2244 833 2327 designasse,
863 2243 936 2325 quie
966 2242 1108 2326 superius
1139 2241 1307 2323 aooipimus
1335 2237 1376 2300 di-

247 2344 469 2411 stributionum
492 2349 625 2431 gratiam
649 2347 772 2431 spiritui
788 2350 895 2412 saneto
912 2347 1038 2430 speciali
1053 2345 1282 2430 dispensatione
1298 2359 1377 2407 oonr·

246 2453 360 2533 petere.
386 2452 467 2534 quod
491 2471 564 2517 uero
587 2453 676 2517 dixit:
707 2453 790 2517 ἰάθη]
814 2452 967 2532 dominus,
997 2450 1081 2515 idem
1104 2453 1209 2514 autem
1232 2449 1318 2527 deus,
1347 2446 1375 2508 in

195 2577 220 2618 η
247 2556 389 2636 sequenti
412 2557 546 2639 capitulo
569 2557 607 2621 ad
628 2557 773 2639 spiritum
788 2560 932 2644 sanetum
949 2555 1086 2620 ostendit
1101 2573 1170 2618 esse
1185 2553 1377 2618 referendum

247 2659 368 2725 dicens:
385 2661 451 2724 alii
467 2661 613 2744 quidem
630 2681 694 2745 per
710 2662 883 2746 spiritum
899 2661 1007 2724 detur
1022 2676 1141 2723 sermo
1157 2657 1376 2741 sapientiae,

246 2763 312 2828 alii
329 2783 447 2830 sermo
463 2766 645 2830 scientiae
661 2765 862 2830 seeundum
883 2764 1038 2828 eundern
1058 2763 1249 2847 spiritum,
1273 2757 1378 2825 elteri

246 2868 341 2932 lides
365 2869 401 2933 in
425 2870 550 2934 eodem
574 2870 723 2953 spiritu,
747 2869 858 2933 alteri
881 2869 1004 2952 gratia
1026 2868 1229 2932 sanitatum
1252 2867 1288 2930 in
1312 2879 1377 2928 uno

248 2973 397 3056 spiritu,
431 2974 499 3038 alii
532 2973 702 3058 operatio
735 2973 934 3052 uirtutum,
969 2973 1034 3036 alii
1067 2971 1279 3056 prophetia,
1318 2965 1378 3032 elii

195 3101 221 3140 ee
247 3077 423 3142 diseretio
446 3078 661 3160 spirituum,
685 3077 751 3142 alii
773 3095 909 3161 genera
930 3077 1158 3160 linguarum,
1181 3075 1247 3139 alii
1269 3075 1379 3173 inter-

247 3183 410 3265 protetio
434 3201 653 3248 sermonum.
689 3183 778 3247 haee
800 3185 924 3246 autem
948 3182 1070 3246 omnia
1092 3183 1265 3264 operatur
1288 3194 1379 3242 uuus

248 3291 358 3368 atque
377 3287 474 3352 idem
494 3288 651 3370 spiritus
672 3287 845 3351 diuidens
866 3287 1029 3370 singulis
1048 3288 1159 3370 prout
1178 3285 1269 3348 uult.
1306 3279 1380 3346 nulli

247 3389 400 3472 subditus
424 3392 479 3456 sed
501 3391 643 3456 eoelestis
666 3394 715 3456 est
737 3391 891 3472 dominus,
914 3391 966 3473 qui
989 3391 1069 3454 done
1091 3389 1239 3454 eoelestia
1259 3385 1381 3470 propria

247 3495 407 3560 uoluntate
431 3496 521 3560 etde
544 3497 701 3580 potentiae
724 3513 799 3560 suae
822 3495 889 3559 iure
912 3495 1051 3579 largitur.

351 3731 379 3800 6]
399 3730 485 3786 lCor.
501 3733 540 3795 12,
553 3733 577 3786 4.
633 3730 677 3799 12]
698 3733 710 3786 1
725 3729 784 3784 Cor.
800 3732 839 3794 12,
852 3733 875 3784 6.
930 3728 975 3796 21]
996 3731 1008 3782 1
1024 3726 1082 3782 Cor.
1098 3729 1137 3790 12,
1151 3730 1174 3784 8.

290 3952 306 4006 2
325 3947 491 4018 quodomodo
509 3949 537 4002 P
587 3947 654 4001 lde
677 3965 728 4002 om.
747 3965 763 4002 v
783 3953 808 4002 et
825 3945 888 4000 odd.
908 3951 971 4000 ante
989 3943 1117 4012 superiori
1171 3947 1188 3998 5
1211 3943 1348 4013 perspicue
1371 3959 1383 3994 r

247 4079 417 4131 quartones
469 4025 716 4116 eministrationlss
732 4060 759 4114 R
775 4060 832 4125 (um
851 4059 995 4124 eramo.)
1052 4061 1115 4110 sunt
1133 4074 1184 4112 om.
1204 4055 1231 4110 P
1286 4057 1381 4110 9sunl

247 4193 297 4231 om,
316 4174 344 4228 P
407 4173 458 4226 dire
476 4174 503 4227 R
561 4176 592 4228 10
611 4172 706 4241 spiritu
724 4173 760 4241 It,
780 4137 915 4240 s‘ptr'Pp
933 4171 1088 4236 mooted.)
1160 4171 1192 4224 12
1210 4135 1280 4238 opali
1302 4169 1384 4230 P(re

248 4262 392 4328 mamati.)
455 4263 485 4315 14
504 4261 619 4314 alteram
638 4259 665 4311 in
684 4276 769 4314 ormo
824 4259 854 4312 17
873 4257 1040 4328 intelligetur
1058 4257 1085 4312 R
1140 4258 1171 4313 19
1190 4253 1384 4323 insequentilt

247 4351 282 4408 22
300 4346 457 4422 seeundum]
476 4347 504 4400 in
524 4365 538 4404 v
590 4349 624 4407 28
643 4345 801 4402 subditura
