2920 4930
260 409 301 473 96
666 411 687 464 1.
706 411 750 465 De
768 411 878 480 gratia
896 411 925 466 11
945 413 984 468 12.

260 591 331 650 tura
360 587 398 650 do
428 587 575 650 creatoris
607 605 698 670 opere
729 588 897 671 disputare.
943 589 1100 672 potentiae
1130 589 1235 672 itaque
1265 587 1329 667 tuit,
1354 589 1382 648 nt

259 692 457 756 inmortalem
481 711 517 755 ex
533 691 627 756 nihilo
642 691 802 757 hominem
817 693 974 773 conderet,
997 693 1179 776 sapientiae,
1202 696 1237 756 ut
1252 707 1381 775 capacem

258 797 386 860 rationis
422 795 568 876 efficeret,
601 795 760 876 bonitatis,
796 801 831 861 ut
861 797 901 861 ad
930 797 1157 862 beatitudinem
1187 795 1382 880 praepararet,

259 901 408 980 institiae,
431 904 550 965 utnon
574 903 647 965 ante
670 901 798 985 eligeret
821 919 916 984 qnam
939 901 1092 986 probaret.

222 1031 234 1070 ι
304 1004 363 1069 Sed
393 1007 473 1068 inter
503 1005 580 1068 haec
611 1005 723 1087 aliquis
754 1006 893 1089 persistit
923 1010 955 1070 et
977 1006 1065 1070 dicit:
1095 1006 1122 1070 si
1145 1010 1268 1070 constat
1288 1019 1382 1088 pecca·

257 1113 340 1172 tores
370 1109 401 1172 in
432 1110 485 1173 illo
516 1110 639 1173 saeculo
663 1110 823 1193 suppliciis
847 1110 1033 1175 addicendos
1057 1115 1090 1174 et
1112 1111 1247 1174 aeternis
1271 1107 1381 1192 ignibus

259 1213 492 1295 mancipandos
517 1215 560 1276 sic
582 1213 649 1278 lieri
671 1213 763 1278 homo
788 1214 904 1295 debuit,
928 1214 1013 1278 ntis
1036 1215 1162 1278 omuino
1185 1231 1310 1297 peccaro
1330 1227 1380 1274 non

258 1318 363 1400 possit.
411 1317 486 1399 quid
509 1319 692 1400 praecurris,
723 1319 868 1399 ohomo,
899 1318 1033 1383 auctoris
1056 1318 1101 1382 tui
1128 1314 1381 1401 dispensationes?

258 1422 331 1502 quid
354 1423 476 1503 qnaeris
497 1441 563 1486 rem
580 1422 813 1487 inmortalitatis
828 1423 860 1486 in
877 1424 1001 1508 regione
1019 1422 1149 1487 mortis?
1183 1422 1257 1506 quid
1273 1417 1381 1502 qnaeris

208 1549 231 1589 ιο
258 1526 290 1588 in
322 1525 443 1606 militia,
474 1527 556 1608 qnod
585 1531 710 1610 paratur
741 1527 772 1591 in
803 1526 923 1611 gloria?
968 1525 1042 1608 quid
1066 1529 1137 1590 ante
1161 1527 1323 1590 emeritum
1342 1521 1381 1584 la-

258 1629 365 1694 borem
394 1632 505 1714 poscis,
537 1649 615 1712 qnae
646 1635 831 1714 praeparata
860 1634 935 1696 sunt
963 1634 1034 1712 post
1063 1629 1224 1695 laborem?
1272 1627 1382 1692 dabitur

257 1733 325 1814 hoc,
349 1733 403 1797 sed
426 1735 489 1799 iarn
508 1736 540 1799 in
557 1739 719 1800 aeternnm
736 1735 910 1815 iustificate,
935 1733 1114 1816 quandoid,
1138 1733 1219 1816 quod
1234 1733 1380 1798 conlatum

258 1838 361 1918 fuerit,
391 1839 492 1921 perire
519 1857 580 1904 non
603 1840 711 1922 possit.
758 1838 881 1903 dabitur
904 1839 971 1918 hoo,
1002 1839 1058 1904 sed
1080 1839 1273 1921 intempore
1295 1833 1382 1900 beati·

257 1943 382 2024 tudima,
402 1943 465 2008 nbi
497 1943 559 2007 iam
589 1947 753 2026 peccatum
784 1963 841 2008 nec
863 1943 988 2008 uincere
1012 1943 1053 2007 sit
1076 1961 1203 2006 necesso
1226 1960 1281 2006 nec
1303 1940 1382 2016 sono,

206 2073 230 2113 rs
257 2048 310 2111 nbi
341 2048 378 2112 ad
411 2047 603 2130 peccandum
633 2066 695 2113 non
726 2049 887 2128 uoluntaS,
921 2065 984 2112 nou
1014 2047 1205 2131 possibilitas
1236 2047 1306 2127 erit,
1336 2040 1383 2106 ubi

258 2157 374 2232 sancte,
405 2153 536 2236 integre,
567 2155 616 2236 pie
647 2154 753 2217 ninere
777 2171 839 2218 non
862 2153 922 2216 erit
944 2151 1116 2236 diligentia,
1146 2169 1208 2216 non
1231 2145 1383 2222 industria,

257 2257 311 2320 sed
342 2262 454 2321 natura
484 2257 684 2339 dispensante
715 2259 760 2322 ita
790 2258 894 2321 diuina
916 2256 1126 2321 misericordia
1149 2260 1241 2337 atque
1264 2251 1382 2326 iustitia,

257 2365 292 2424 ut
314 2363 364 2443 qui
388 2361 438 2424 hic
461 2362 615 2426 studuerit
636 2363 807 2446 integritati
829 2362 916 2426 nulla
937 2361 1000 2426 illic
1023 2361 1104 2425 ultra
1126 2361 1226 2443 possit
1240 2358 1310 2424 labe
1324 2372 1384 2418 cor·

256 2467 367 2549 rumpi.
424 2467 555 2550 dignum
587 2469 670 2531 enirn
702 2486 769 2530 esse
799 2466 962 2546 indicabit,
996 2470 1032 2530 ut
1061 2466 1154 2530 homo
1184 2481 1309 2548 peccaro
1337 2457 1383 2540 qui

204 2598 229 2636 ro
258 2571 356 2634 noluit
386 2570 528 2635 infirmus
559 2590 620 2636 non
647 2572 747 2654 possit
769 2575 924 2652 aeternus,
955 2571 1010 2633 sed
1032 2573 1068 2634 ut
1091 2567 1266 2638 labentibus
1289 2567 1319 2630 in
1343 2563 1384 2626 in·

258 2695 402 2738 mensum
435 2676 566 2740 saeculis
596 2676 663 2740 sina
691 2679 777 2739 metu
800 2675 959 2758 gaudium,
991 2674 1059 2738 sine
1081 2674 1186 2738 inuida
1208 2671 1383 2756 praemium,

256 2781 322 2844 sine
345 2780 434 2844 hoste
457 2779 498 2844 sit
520 2799 662 2863 regnum.

302 3040 478 3108 litaquaoP
529 2997 747 3094 anih'iffiminem
762 3039 788 3092 P
839 3042 995 3108 8posseto
1049 3041 1080 3094 10
1097 3037 1197 3091 milicia
1209 3037 1241 3106 P,
1260 3035 1384 3088 malitiae

255 3129 363 3195 paretur
388 3145 404 3180 o
458 3129 491 3180 14
518 3128 565 3179 iric
593 3143 696 3179 neccsse
725 3127 751 3179 P
802 3143 850 3178 nec
877 3126 955 3194 scire]
980 3126 1079 3178 nescire
1102 3125 1130 3178 P
1182 3127 1213 3180 12
1240 3122 1339 3190 adqrrao
1362 3119 1385 3172 Ρ

257 3217 289 3269 18
307 3213 371 3266 illuc
389 3214 417 3267 P
469 3217 500 3268 19
519 3213 682 3266 iudicauitc
734 3215 767 3268 22
787 3213 908 3280 regnum]
928 3211 1035 3281 explicit
1052 3213 1116 3266 odd.
1136 3213 1164 3266 P
