2920 4930
260 413 325 500 108
638 415 672 468 11.
692 415 736 468 De
754 415 876 483 spiritu
895 418 1008 468 sancto

300 591 360 657 Sed
383 593 472 655 dicis:
496 592 570 673 quid
594 592 668 656 mihi
684 593 803 674 profers
819 593 948 658 unitatis
965 611 1001 656 ao
1018 593 1168 657 trinitatis
1185 593 1291 673 uerba,
1316 611 1385 675 quae

256 697 288 760 in
318 698 466 761 canonica
487 697 618 762 lectione
641 715 703 762 non
727 698 871 762 iuuenis?
907 716 969 762 non
993 699 1118 778 mirum,
1149 700 1174 762 si
1196 699 1233 778 is,
1264 700 1319 780 qui
1344 699 1385 762 in-

255 801 343 885 gredi
362 819 423 865 non
441 805 575 865 meretur
590 803 763 883 penetralia
779 804 898 884 salutm,
923 804 1098 885 expauescit
1114 821 1150 868 ac
1165 805 1280 888 refugit
1297 805 1384 868 etiam

255 907 370 971 ostium
394 907 542 970 ueritatis.
567 907 641 988 quid
665 907 747 971 euim
771 911 837 972 tam
857 909 1042 991 proximum,
1065 913 1130 973 tam
1151 909 1302 990 naturale,
1326 913 1383 972 tam

204 1039 216 1078 ⁵
254 1012 425 1095 proprium,
448 1029 542 1093 quam
565 1016 600 1076 ut
622 1012 660 1075 de
683 1031 744 1076 uno
767 1013 880 1092 uuitaS,
904 1013 1061 1078 detritus
1084 1014 1208 1078 trinitas
1231 1014 1384 1078 catholicis

254 1121 378 1198 patrum
402 1115 632 1180 definitionibus
656 1120 874 1198 nuncupetur?
898 1137 960 1182 non
984 1137 1020 1182 ex
1043 1137 1076 1182 se
1100 1117 1294 1182 discutienda
1318 1121 1384 1182 sunt

255 1220 360 1300 uerba,
391 1239 471 1302 quae
498 1221 535 1284 de
562 1221 818 1304 praecedentibus
841 1223 988 1306 pendent,
1019 1241 1076 1288 nee
1099 1241 1174 1287 sane
1197 1241 1384 1305 consequens

254 1329 311 1405 est,
334 1329 369 1389 ut
391 1326 554 1408 peregrina
576 1325 760 1406 iudicentur,
791 1345 871 1408 quae
895 1346 931 1392 ex
954 1345 1015 1392 uno
1039 1332 1070 1391 et
1091 1327 1202 1408 tribuS,
1226 1327 1257 1391 id
1281 1333 1329 1392 est
1350 1327 1383 1390 de

253 1429 413 1493 manifesti
436 1431 550 1494 exordii
572 1432 759 1513 proprietate
782 1435 962 1496 nascuntur.
1002 1433 1138 1514 aduerte,
1162 1433 1235 1515 quia
1257 1451 1320 1497 non
1342 1437 1385 1494 est

202 1561 227 1600 ιο
251 1535 505 1617 praesumptiuus
529 1539 659 1616 uterque
681 1535 733 1599 hic
756 1554 868 1617 sermo,
892 1537 947 1600 sed
963 1537 1163 1601 deriuatiuus.
1202 1555 1281 1619 quae
1298 1553 1383 1600 uoca-

251 1637 326 1702 bula
349 1656 368 1702 a
389 1642 527 1720 tempore
550 1640 726 1722 primitiuae
750 1641 899 1705 ecelesiae
923 1642 1093 1724 antiquitas
1120 1642 1251 1722 inuenit,
1282 1644 1384 1705 aucto-

251 1744 327 1808 ritas
350 1744 489 1828 protulit,
513 1747 599 1808 aetas
621 1745 716 1828 longa
738 1744 884 1809 firmauit.

794 1972 847 2036 VI.

251 2136 318 2178 DUM
337 2135 448 2177 FAOIES
463 2135 573 2176 PATRIS
589 2133 691 2176 FILIUS
706 2135 845 2195 mcrnun,
860 2133 954 2177 P'Annr
971 2135 1160 2185 AEQUAEUUS
1177 2135 1381 2178 nouosclrun.

199 2294 224 2334 15
294 2269 420 2352 Suscipe
437 2271 474 2334 de
491 2271 585 2335 sacris
602 2271 811 2335 uoluminibus
828 2271 1015 2335 trinitatem:
1038 2272 1075 2336 in
1094 2271 1277 2354 principio
1297 2271 1384 2335 feeit

251 2376 340 2439 deus
363 2375 506 2438 caelum
530 2379 565 2438 et
587 2380 725 2439 terram
749 2379 784 2439 et
806 2375 964 2459 spiritus
985 2376 1042 2439 dei
1062 2375 1256 2440 ferebatur
1276 2395 1385 2458 super

251 2498 372 2562 aquas.
407 2484 495 2562 pater
518 2483 634 2560 auctor,
659 2498 853 2562 aequaeuum
876 2481 1061 2564 principium
1085 2479 1178 2562 filius,
1203 2482 1383 2563 superfusus

250 2585 337 2666 aquis
368 2585 494 2666 spiritus
526 2589 664 2649 sanetus.
703 2603 796 2668 snper
826 2603 922 2667 aquas
952 2587 1058 2667 itaque
1089 2586 1278 2650 dominantis
1310 2586 1385 2650 emi-

250 2691 357 2753 nentia
372 2689 530 2754 ferebatur
545 2691 608 2753 iam
624 2693 703 2770 tum,
726 2690 827 2770 credo,
851 2690 999 2772 baptismi
1016 2694 1147 2754 munera
1161 2689 1384 2774 praefigurans.

198 2817 223 2855 ao
249 2795 282 2858 in
305 2794 444 2860 iaciendo
468 2812 589 2876 quoque
613 2795 740 2859 homine
764 2814 797 2859 se
821 2813 882 2860 nou
906 2797 1008 2875 unius,
1039 2796 1093 2859 sed
1121 2797 1217 2860 trium
1238 2813 1386 2878 persona-

248 2918 319 2963 rum
349 2917 426 2982 opus
457 2918 525 2963 esse
555 2899 751 2964 demonstrat
780 2899 863 2963 trina
892 2899 1034 2981 repetitio
1061 2901 1195 2965 deitatis
1233 2902 1277 2964 ita
1305 2901 1385 2964 enim

248 3004 396 3087 legimus:
421 3008 456 3067 et
476 3003 570 3068 dixit
589 3003 691 3067 deus:
715 3004 896 3068 faciamus
917 3005 1101 3070 hominem
1122 3005 1165 3068 ad
1187 3006 1385 3089 imaginem

198 3101 200 3108 '
250 3111 286 3171 et
316 3107 602 3172 similitudinem
633 3112 809 3172 nostram.
848 3109 976 3173 aduerte
1007 3111 1193 3174 sententiam
1221 3111 1252 3174 in
1275 3129 1387 3192 propo·

249 3213 358 3276 sitione
389 3212 574 3294 simplicem,
605 3213 636 3276 in
666 3212 868 3295 responsione
891 3213 1105 3295 multiplicem.
1145 3219 1177 3278 et
1199 3215 1273 3278 dixit
1296 3215 1386 3279 deus:

196 3341 221 3380 25
248 3316 399 3380 faciamus
423 3315 593 3380 hominem.
633 3317 706 3398 quid
732 3320 779 3380 cst
802 3317 896 3398 aliud,
928 3317 988 3381 uisi
1018 3319 1090 3400 quia
1118 3317 1297 3383 substantia
1320 3319 1387 3382 uni·

246 3421 321 3484 tatis
351 3421 486 3502 loquitur
516 3425 547 3484 et
575 3422 713 3502 potentia
743 3421 891 3484 trinitatis
922 3425 1088 3503 operatur?
1126 3424 1281 3506 perspice,
1314 3441 1388 3505 quo·

247 3525 337 3589 modo
360 3525 442 3589 trina
464 3525 531 3590 uice
555 3543 669 3588 nomen
697 3525 747 3588 dei
769 3525 801 3588 in
826 3527 981 3590 creatione
1011 3526 1147 3591 hominis
1177 3531 1386 3612 nuncupatur.

353 3741 396 3810 15]
416 3740 480 3796 Gen.
496 3746 518 3804 1,
535 3744 557 3796 1.
611 3741 656 3810 22]
677 3741 741 3796 Gen.
758 3743 835 3807 1,26.

291 3940 405 3994 lmichi
425 3942 452 3994 P
520 3939 631 4008 proteris
655 3941 681 3994 V
748 3941 893 4010 tostium]
913 3942 1132 3998 testimoniumo
1202 3948 1273 3999 5ut
1291 3963 1344 4002 om.
1364 3947 1391 4000 P

246 4026 433 4081 katholicisV
492 4027 645 4094 opatrum]
663 4027 781 4095 primum
800 4047 815 4082 o
869 4027 1075 4082 diffinitionibus
1094 4031 1122 4083 P
1177 4037 1347 4102 noncupetur
1365 4033 1391 4086 P

246 4113 465 4170 8iudiceuturo
538 4117 568 4168 10
588 4112 747 4167 diriuatiuus
767 4117 823 4169 PV
892 4119 921 4171 ll
946 4111 1085 4169 aecclesiae
1108 4117 1134 4170 V
1202 4121 1235 4174 12
1258 4121 1392 4174 aestasV

249 4202 280 4254 14
299 4199 396 4253 dicitur
413 4198 525 4252 filiusP
577 4201 609 4253 17
622 4203 812 4268 aequaeuusV
862 4201 995 4257 fiiiusoru.
1011 4204 1038 4256 P
1090 4205 1121 4258 19
1137 4203 1202 4257 dum
1220 4205 1265 4272 V',
1284 4207 1392 4259 tunoP

245 4283 385 4338 babtissmi
404 4287 431 4339 P
490 4285 609 4353 figurans
628 4287 656 4340 P
713 4289 747 4343 20
766 4303 792 4340 se
810 4306 860 4344 orn.
881 4290 908 4342 P
959 4290 993 4344 22
1010 4287 1076 4344 dicit
1094 4291 1122 4344 P
1172 4293 1207 4346 23
1225 4293 1388 4361 propositio·

247 4373 307 4424 netu
332 4373 359 4426 V
