2924 4924
517 409 581 464 ΙΠῙ.
600 410 709 463 Sermo
729 411 769 464 13.
1147 409 1211 473 225

78 587 232 668 spiritus
254 586 375 668 patris
399 587 530 664 uestri,
554 586 615 666 qui
638 586 807 666 loquitur
830 585 865 646 in
889 583 1005 646 uobis.
1051 601 1122 647 caro
1138 603 1210 667 ergo

76 691 249 771 patiebatur
265 693 297 754 et
319 689 444 772 spiritus
467 688 654 772 loquebatur
670 693 700 752 et
722 689 868 770 loquente
891 687 1001 769 spiritu
1025 706 1087 752 non
1109 688 1210 752 solum

76 793 316 858 conuincebatur
350 793 510 876 impietae,
548 793 603 857 sed
637 793 732 856 etiam
766 791 999 856 confortabatur
1035 791 1208 856 infirmitas.

76 898 235 962 clariorem
258 897 347 962 nobis
371 901 542 980 martyrem
565 899 720 961 tormenta
743 895 908 960 foetebant.
955 895 1119 977 multiplici
1142 898 1211 960 unl-

77 1021 185 1066 nemm
212 1003 364 1066 uarietate
387 1002 551 1066 confossus
578 1019 640 1066 non
664 1000 828 1064 deserebat
854 1017 1003 1082 pugnam,
1032 1000 1087 1064 sed
1110 1001 1211 1064 acrius
1237 1027 1250 1067 e

76 1105 215 1170 iterabat.
260 1109 397 1189 putares,
421 1105 501 1188 quod
526 1124 598 1169 eum
621 1105 747 1168 duraret
769 1103 907 1183 flamma,
930 1121 992 1167 non
1020 1109 1159 1168 exureret
1182 1109 1213 1168 et

76 1213 237 1292 tamqnam
259 1210 347 1295 figuli
370 1211 478 1274 fornax
501 1209 602 1274 lutum
626 1209 798 1291 suscipiens
822 1208 915 1272 nrolle
939 1208 1048 1272 duram
1071 1207 1213 1272 redderet

77 1317 198 1378 testam.
240 1317 363 1396 poterat
384 1317 504 1397 martyr
526 1317 631 1378 noster
655 1313 754 1376 dicere
777 1312 926 1376 Datiano:
954 1312 1017 1374 iam
1041 1330 1104 1376 non
1126 1317 1214 1376 curat

76 1418 158 1501 ignes
184 1421 255 1483 tuos
278 1436 349 1483 caro
372 1436 452 1498 mea,
476 1418 548 1500 quia
571 1418 715 1481 exaruit
738 1417 835 1480 sicut
857 1419 957 1497 testa
979 1411 1100 1480 uirtus
1123 1436 1211 1481 mea.

77 1527 104 1584 et
124 1521 274 1605 quoniam
296 1523 450 1586 ueraciter
472 1522 625 1604 scriptum
649 1525 710 1584 est:
742 1539 833 1584 uasa
854 1519 966 1603 figuli
988 1520 1121 1603 probat
1143 1522 1213 1584 for·
1241 1551 1266 1588 ιο

77 1645 139 1690 nar
156 1629 195 1690 ct
217 1626 384 1690 homines
404 1627 524 1691 iustos
544 1625 742 1708 temptatio
765 1623 1040 1704 tribulationis,
1063 1625 1212 1706 probatus

78 1735 120 1794 est
142 1735 237 1812 atque
261 1730 406 1796 deonotus
430 1733 478 1794 cst
498 1730 551 1794 illo
566 1730 637 1813 igne
652 1728 847 1808 Uincentius,
871 1728 1025 1792 Datianus
1048 1747 1121 1792 uero
1138 1730 1214 1792 arsit

78 1839 107 1897 et
128 1835 291 1916 increpuit.
324 1834 450 1899 sienim
475 1852 538 1898 non
562 1832 700 1912 ardebat,
724 1833 806 1896 unde
830 1831 994 1896 fumabat?
1028 1833 1102 1913 qnid
1125 1837 1214 1896 erant

79 1940 171 2004 uerba
206 1940 369 2004 irascentis
404 1940 464 2004 nisi
497 1939 603 2003 fumus
635 1939 794 2002 ardentis?
840 1955 913 2021 ergo
945 1937 1074 2020 martyri
1109 1943 1213 2002 nostro

77 2043 271 2128 refrigerium
299 2044 331 2108 in
355 2044 446 2108 eorde
473 2043 601 2107 babenti
628 2041 773 2106 dammas
802 2042 992 2105 extrinsecus
1016 2041 1213 2120 admouebat,
1241 2071 1266 2108 15

78 2149 128 2211 sed
151 2149 219 2232 ipse
246 2148 366 2212 facibus
394 2147 507 2211 furoris
531 2165 680 2211 accensus
709 2150 870 2228 tamquam
894 2145 1035 2210 clibanus
1058 2146 1142 2210 intus
1166 2164 1214 2210 ar-

78 2251 167 2316 debat
190 2257 222 2316 et
244 2253 453 2340 habitatorem
477 2271 570 2316 suum
593 2251 753 2316 diabolum
776 2249 1005 2315 concremabat.
1043 2270 1098 2333 per
1120 2251 1214 2314 furio-

77 2373 126 2420 sas
149 2357 233 2420 enim
256 2357 384 2421 Datiani
407 2373 509 2436 uoces,
538 2375 592 2439 per
616 2359 719 2419 truces
743 2355 859 2435 oculos,
887 2355 1024 2419 minaces
1053 2356 1159 2420 uultus
1184 2361 1215 2420 et

78 2461 171 2524 totins
198 2463 334 2545 corporis
362 2465 465 2526 motus
493 2461 545 2524 ille
575 2460 733 2524 habitator
761 2461 826 2524 eius
854 2461 979 2524 interior
1007 2480 1040 2525 se
1068 2462 1216 2526 mouebat

79 2569 108 2628 et
130 2584 183 2647 per
205 2565 283 2629 baec
306 2567 396 2648 signa
417 2564 557 2628 nisibilia
579 2569 741 2646 tamquam
763 2584 818 2647 per
841 2565 890 2628 sui
912 2565 1040 2644 uasculi,
1064 2566 1145 2646 quod
1168 2566 1214 2629 in·
1241 2593 1267 2631 20

79 2668 225 2750 plenerat,
249 2673 412 2751 crepantes
433 2669 562 2733 rimulas
586 2669 783 2752 prodebatur.
816 2685 877 2732 non
901 2672 1024 2734 tantum
1045 2673 1214 2752 martyrem

79 2772 234 2838 cruciabat
256 2772 394 2854 flamma,
417 2777 571 2855 quantum
594 2773 683 2837 illum
708 2773 853 2837 uastabat
875 2773 1007 2836 insania.

121 2873 178 2941 Sed
200 2877 274 2958 iam,
305 2878 429 2957 fratres,
459 2877 513 2942 illa
535 2877 641 2942 omnia
671 2879 870 2958 transierunt,
902 2881 931 2940 et
958 2877 1005 2941 ira
1032 2877 1158 2942 Datiani
1185 2881 1215 2942 et

79 2997 177 3062 poena
198 2981 364 3047 Uincentii.
411 2985 517 3046 manet
540 2985 646 3046 autem
674 3001 774 3064 poena
796 2982 923 3046 Datiani
951 2985 982 3045 et
1005 3000 1117 3046 corona
1139 2981 1215 3047 Uiu-

80 3086 180 3150 centii.
226 3087 358 3168 denique
385 3090 420 3152 ut
446 3087 674 3170 praetermissis
701 3087 828 3150 interim
854 3087 976 3150 futurae
1004 3085 1215 3152 retributionis
1242 3113 1268 3153 ae

80 3188 191 3254 finibus
212 3193 307 3256 etiam
330 3192 362 3255 in
386 3191 443 3255 hoc
465 3191 581 3255 mundo
604 3193 776 3273 martyrum
799 3190 931 3273 gloriam
955 3191 1215 3272 demonstremus,

181 3371 209 3440 o]
228 3370 327 3425 esaim.
341 3375 383 3434 ar,
399 3374 438 3426 16.
494 3371 536 3440 ro]
557 3371 637 3425 acen.
651 3375 692 3435 ar,
705 3333 729 3426 c.

127 3545 245 3612 lpatres
263 3545 293 3598 D
345 3547 421 3599 ltot
438 3552 501 3600 unte
519 3549 653 3598 tormenta
670 3545 733 3600 edd.
747 3547 817 3614 Auo.
872 3543 1137 3618 beenlossusAap,
1155 3564 1216 3602 con·

81 3627 155 3682 fusus
168 3631 196 3685 D
248 3633 444 3686 bexuraretD
498 3631 747 3700 lredderctAup,
766 3630 860 3684 reddet
877 3633 906 3686 D
958 3633 1136 3702 contiguis
1155 3637 1217 3688 tuus

82 3729 184 3770 carnem
202 3733 290 3772 meam
309 3719 379 3788 Aup.
454 3721 485 3774 12
508 3718 663 3788 elegantius
682 3719 711 3772 D
782 3719 814 3773 13
837 3717 971 3787 fumabat]
994 3719 1127 3774 clamabat
1144 3723 1215 3790 Aap.

82 3805 199 3858 eruntD
252 3804 747 3875 rsadmouebatne9,a1nouebat1)
795 3807 827 3860 16
843 3803 1003 3860 laccibusD
1050 3806 1218 3875 clybanusD

86 3888 118 3940 17
134 3887 278 3944 habitorem
299 3892 327 3946 D
392 3891 530 3946 diabulum
549 3893 579 3946 D
642 3895 673 3948 18
692 3895 777 3945 treces
795 3891 899 3994 opculos
919 3893 947 3946 D
1011 3897 1038 3946 et
1055 3901 1118 3948 cate
1135 3895 1216 3948 totius

83 4000 219 4072 wdomar',
243 4010 307 4059 uate
329 4003 445 4058 minaces
467 4006 545 4060 babet
563 4006 592 4058 D
664 4007 695 4060 19
714 4009 849 4058 somoueat
867 4005 904 4072 D,
928 4005 1126 4060 monstrabatur
1144 4007 1215 4074 Aup.

84 4087 119 4140 20
135 4088 262 4144 discibilia
279 4091 310 4144 D
371 4107 418 4144 sua
437 4092 477 4146 D¹
535 4093 567 4146 21
587 4090 751 4160 prodebatur
768 4093 875 4162 scripsi,
885 4091 1034 4160 (pdiebatur
1052 4093 1089 4160 D,
1108 4091 1217 4144 uideba-

84 4175 129 4224 tur
144 4177 211 4246 Anp.
278 4177 416 4231 martirem
434 4177 464 4232 D
525 4179 558 4232 22
577 4177 711 4232 cruciabat
729 4179 758 4234 D
821 4177 976 4232 cruciabant
993 4181 1127 4233 tormenta
1144 4180 1215 4248 Aap.

85 4259 119 4313 23
135 4261 186 4316 iam
204 4265 284 4334 dap,
302 4265 384 4318 etiam
397 4265 426 4319 D
478 4265 697 4321 transsieruntD
749 4271 776 4320 et
794 4283 862 4335 pena
880 4268 1000 4335 ningenti
1019 4269 1109 4320 manet
1127 4269 1216 4319 autem

86 4361 150 4414 pem
159 4351 251 4404 tatiani
261 4352 325 4406 cdd.
337 4353 376 4406 D2
386 4354 417 4406 ia
426 4370 509 4422 uturp.
547 4353 750 4421 24uingentiD
785 4356 818 4410 25
830 4354 1005 4423 ptarmisisD
1039 4357 1073 4408 26
1085 4351 1218 4407 deibusD

1015 4443 1061 4494 18*
