2924 4924
534 431 598 486 1111.
618 431 727 486 Sermo
747 434 786 488 11.
1165 431 1229 497 265

92 609 193 673 auimo
227 608 411 692 cogitantes,
446 611 598 690 quantum
632 607 804 691 possimus,
838 626 910 672 oum
944 607 1042 690 ipsius
1076 607 1228 672 adiutorio

93 713 248 778 beneficiis
283 714 348 779 eius
382 714 483 778 uicem
517 713 685 796 rependere
719 713 914 778 festinemus.
965 730 1027 778 nou
1060 711 1228 776 reddamus

91 818 172 882 mala
187 836 244 902 pro
258 817 359 898 bonis,
383 818 448 899 sed,
472 821 625 900 quantum
640 817 808 900 possimus,
831 816 986 882 uoluntati
1001 815 1085 882 illius
1107 815 1229 881 obtem·

91 941 196 1004 parare
219 923 292 988 totis
310 921 428 988 uiribus
451 923 623 988 innitentes
641 921 822 986 studeamus
847 921 990 1002 fideliter,
1013 924 1050 986 ut
1063 924 1230 1004 praecepta

92 1027 172 1092 illius
201 1027 300 1112 maffl's
324 1025 414 1092 nobis
437 1027 562 1110 pariant
589 1026 628 1090 de
652 1025 843 1108 sequacitate
866 1025 1050 1106 remedium,
1074 1042 1169 1108 quam
1190 1025 1228 1090 de
1268 1053 1281 1093 s

90 1131 338 1216 transgressione
360 1131 520 1196 iudicium.

130 1235 215 1300 Nam
249 1235 325 1318 quid
359 1235 524 1316 faciemus,
563 1236 677 1300 iratrm
709 1235 876 1315 carissimi,
911 1235 943 1299 iu
973 1235 1027 1300 illo
1063 1233 1229 1300 metuendo

90 1341 194 1406 iudicii
232 1341 295 1422 die,
340 1359 412 1406 oum
450 1343 603 1406 tremente
642 1340 758 1404 mundo
795 1340 939 1405 domiuus
976 1336 1228 1422 praecinentibus

89 1447 271 1530 augelorum
302 1445 441 1510 buccinis
470 1445 502 1510 in
532 1446 585 1510 illo
616 1445 787 1510 maiestatis
819 1463 893 1531 suae
921 1443 1034 1508 throno
1056 1443 1229 1508 circumda-

89 1555 137 1614 tus
168 1550 313 1616 caelestis
344 1550 473 1614 militiae
503 1551 572 1614 luce
617 1549 792 1614 consederit
821 1548 926 1630 ibique
956 1548 995 1612 de
1025 1551 1127 1612 terrae
1159 1567 1230 1631 gre·
1257 1575 1282 1614 ιο

89 1655 149 1720 mio
178 1658 212 1719 et
233 1655 361 1738 antiquo
390 1655 519 1737 puluere
542 1654 728 1719 suscitatum
758 1653 932 1718 humanum
962 1670 1062 1736 genus
1085 1651 1230 1716 adstante

89 1759 269 1824 testimonio
284 1760 324 1824 ad
346 1759 552 1826 conscientias
569 1759 765 1842 singulorum
787 1757 897 1841 positis
912 1757 945 1822 in
968 1758 1137 1839 conspectu
1160 1774 1231 1839 pec·

88 1869 229 1928 catorum
251 1864 361 1948 poenis
388 1864 605 1946 iustorumque
631 1862 778 1946 praemiis
805 1862 959 1926 rationem
986 1861 1071 1926 uitae
1094 1860 1232 1944 coeperit

88 1969 249 2052 postulare
272 1973 303 2033 et
329 1968 400 2051 plus
429 1968 491 2032 iam
515 1967 616 2032 iustus
640 1984 735 2049 quam
758 1966 933 2030 misericors
957 1965 1125 2030 seueritate
1148 1964 1230 2029 iudi-

88 2074 132 2137 cis
155 2075 355 2156 contemptae
377 2071 607 2137 misericordiae
633 2089 702 2136 reos
725 2071 861 2154 coeperit
884 2087 1030 2134 accusare
1058 2073 1091 2134 et
1112 2069 1229 2134 dicere:
1259 2097 1283 2136 re

90 2195 147 2262 ego
175 2180 207 2242 te
234 2177 328 2242 homo
352 2177 467 2242 elimo
494 2175 639 2242 manibus
663 2177 741 2240 meis
768 2175 838 2255 leci,
866 2193 922 2258 ego
950 2174 1082 2239 terrenis
1109 2173 1229 2240 artibus

87 2282 232 2366 spiritum
259 2281 370 2362 infudi,
398 2280 538 2366 egotibi
566 2280 737 2364 imaginem
764 2282 904 2344 nostram
932 2278 1229 2360 similitudinemque

86 2387 227 2452 conferre
251 2386 396 2471 diguatus
420 2403 501 2466 sum,
525 2403 581 2470 ego
604 2387 636 2449 te
657 2385 739 2449 inter
761 2383 897 2468 paradisi
920 2383 1047 2448 delicias
1070 2383 1229 2448 collooaui.

86 2497 119 2554 tu
135 2489 247 2555 uitalia
258 2489 407 2556 mandata
421 2493 626 2555 contemnens
642 2489 838 2572 deceptorem
856 2487 944 2570 sequi
956 2505 1050 2570 quam
1066 2487 1228 2552 domiuum

86 2595 237 2660 maluisti.
287 2595 342 2660 sed
374 2595 502 2678 antiqua
530 2598 698 2678 praetereo.
739 2597 842 2658 motus
871 2596 981 2676 postea
1010 2592 1230 2674 misericordia,
1257 2621 1284 2662 so

87 2719 162 2764 eum
185 2700 332 2783 expulsus
356 2699 394 2764 de
416 2699 561 2783 paradiso
584 2700 651 2764 inre
677 2699 797 2781 peccati
820 2698 929 2762 mortis
953 2697 1086 2761 uinculis
1110 2701 1232 2762 tenere-

87 2807 139 2884 ris,
164 2805 349 2888 uirginalem
372 2807 497 2869 uterum
521 2805 588 2868 siue
611 2803 770 2887 dispendio
786 2801 975 2886 uirginitatis
998 2801 1164 2884 pariendus
1183 2801 1232 2866 in-

86 2909 190 2974 troiui.
228 2909 259 2972 iu
282 2909 444 2992 praesepio
464 2909 622 2992 expositus
646 2913 677 2973 et
698 2907 811 2992 pannis
827 2906 994 2970 obuolutas
1018 2905 1108 2986 iacui,
1131 2905 1232 2970 infau-

86 3015 150 3078 tiae
166 3013 372 3078 contumelias
386 3015 602 3096 humanosque
618 3013 750 3093 dolores,
774 3010 887 3094 quibus
904 3010 960 3076 tibi
981 3009 1091 3076 similis
1114 3008 1231 3090 fierem,

87 3119 126 3182 ad
151 3119 210 3184 hoc
232 3119 361 3200 scilicet,
384 3123 419 3184 ut
441 3123 472 3183 te
496 3118 575 3182 mihi
598 3119 733 3183 similem
756 3117 903 3196 facerem,
926 3116 994 3180 tuli.
1030 3115 1230 3180 inridentium
1258 3141 1283 3180 se

85 3223 210 3308 palmas
233 3227 266 3288 et
288 3227 381 3307 sputa
403 3223 537 3307 suscepi,
560 3227 685 3288 acetum
708 3241 780 3287 cnm
802 3221 875 3286 felle
897 3219 972 3286 bibi.
1006 3219 1137 3304 flagellis
1161 3237 1230 3284 cae-

130 3465 321 3536 2repleudere
341 3467 370 3522 D
434 3469 651 3536 doptemperare
669 3467 698 3520 D
759 3464 920 3519 dinitentes
939 3463 968 3518 D
1032 3461 1182 3516 studiamus
1201 3463 1231 3518 D

85 3583 235 3648 sparena
255 3581 283 3634 o
345 3545 540 3648 adtrectata
559 3581 588 3634 n
646 3577 725 3634 rme
745 3579 774 3632 o
826 3575 944 3634 eruere
963 3578 993 3631 n
1045 3575 1182 3630 temones
1201 3577 1230 3631 o

85 3666 260 3737 peinantibus
278 3668 307 3722 D
368 3665 507 3722 9buuiuis
527 3667 555 3721 D
609 3667 641 3722 12
659 3665 813 3720 testimonio
833 3663 1008 3718 eonscientiae
1027 3665 1098 3734 Aop.
1170 3677 1230 3732 pos-

84 3754 147 3808 sitis
171 3753 199 3810 D
271 3757 304 3810 13
325 3753 395 3824 prais
418 3755 447 3809 D
516 3753 632 3824 coeperit
653 3755 734 3824 dap,
758 3752 844 3822 caepit
867 3752 896 3806 D
967 3754 999 3806 15
1022 3753 1174 3820 contempte
1200 3751 1230 3804 D

85 3841 205 3911 caeperit
223 3843 253 3897 D
313 3857 450 3896 acenssure
469 3843 498 3896 D
565 3843 597 3897 16
615 3840 695 3912 elimo
713 3841 743 3896 D
808 3837 919 3908 uultibus
938 3839 967 3893 D
987 3839 1090 3904 (autu
1111 3838 1143 3891 ia
1164 3837 1230 3904 rue.)

86 3931 120 3986 17
145 3927 251 3983 iuiundi
275 3929 305 3984 D
372 3931 493 4032 ¹nostram
511 3930 592 4000 Aap„
610 3929 646 3982 na
668 3928 697 3982 D
768 3929 800 3984 18
819 3925 921 3980 dilioius
943 3925 973 3980 D
1043 3926 1075 3980 19
1093 3925 1230 3994 contemp·

85 4057 156 4096 nens
174 4043 202 4098 D
271 4045 305 4099 20
327 4041 447 4096 maluisti
469 4043 498 4097 D
566 4041 653 4111 pterio
677 4041 706 4096 D
779 4041 811 4096 21
837 4037 963 4092 tenereris
981 4039 1062 4108 Aac,
1084 4035 1182 4091 teucris
1201 4037 1231 4092 D

84 4129 121 4186 23
150 4129 282 4199 expositus
309 4129 389 4199 Aac,
417 4133 443 4184 et
470 4127 571 4198 positus
594 4129 623 4183 D
693 4128 727 4182 24
750 4123 919 4181 contumilias
942 4125 972 4180 D
1041 4125 1075 4178 25
1099 4127 1126 4176 te
1148 4125 1230 4193 Auo,

83 4223 115 4270 tu
148 4215 178 4270 D
245 4218 279 4272 26
307 4215 405 4286 suscipi
433 4217 462 4272 D
531 4213 645 4287 ellectum
673 4215 702 4269 D
767 4220 832 4284 post
859 4211 919 4266 lelle
946 4213 977 4266 ia
1004 4211 1033 4264 D
1059 4225 1159 4266 rasam
1185 4227 1230 4266 ee:-

82 4311 152 4374 slct,
180 4305 209 4360 ιἰι
230 4323 285 4376 qun
311 4305 395 4362 unctui
420 4306 464 4362 ccl
491 4303 579 4359 tincti
604 4304 690 4373 samse
716 4301 825 4358 ciddur
903 4314 991 4354 casem
1009 4297 1026 4366 ,11
1047 4297 1077 4352 D
1102 4297 1172 4363 (aot
1198 4311 1230 4366 pr

86 4397 118 4452 ia
138 4393 205 4462 rae.)
