2920 4928
261 421 351 475 LVIII
708 420 950 489 Prolegomene.

261 617 448 678 sermonem,
479 598 531 679 qui
562 597 684 679 incipit:
715 595 853 658 imtrait
883 618 940 660 coe
966 605 1062 680 atque
1091 597 1254 673 hortetur,
1286 597 1394 660 deinde

261 720 420 766 sermones
449 705 572 766 nostros
599 701 707 766 XXIII
731 705 762 765 et
784 701 909 766 XXIIII
936 701 1003 783 (fol.
1020 699 1079 764 30‘
1102 705 1134 766 et
1159 699 1232 783 32¹)
1261 700 1392 766 exhibet.

261 807 312 888 qui
334 807 390 870 hos
419 807 531 889 excipit
558 825 660 870 semro
687 805 754 888 (iol.
776 805 860 886 aot:
892 803 989 867 detur
1013 803 1196 889 penitentia
1224 803 1394 882 secularis,

261 931 296 974 ex
327 911 419 974 huius
450 910 562 976 codicis
594 910 777 974 auctoritate
804 911 882 974 falso
910 910 1026 976 Fausto
1057 909 1248 992 adscrIptum
1279 929 1351 974 esse
1378 929 1394 973 1

260 1014 403 1078 11111111
427 1017 458 1078 11
474 1014 612 1094 Duraud,
635 1013 786 1078 Ueterum
810 1015 996 1097 scriptorum
1019 1018 1051 1078 et
1073 1017 1393 1078 monumentorum..

260 1119 455 1201 amplissime
477 1119 617 1183 collectio
641 1118 734 1182 VIIII
765 1117 823 1180 141
846 1138 925 1200 sqq,
954 1119 1071 1200 eisque,
1102 1121 1154 1200 qui
1185 1138 1220 1182 ex
1247 1119 1393 1182 Martenii

260 1223 393 1287 editione
416 1223 524 1287 Fausti
551 1241 712 1286 sermones
739 1223 840 1288 denuo
867 1223 1091 1305 imprimendos
1120 1227 1318 1303 curaueruut,
1348 1243 1394 1288 ex·

260 1327 421 1410 posuimus
445 1328 476 1390 in
500 1327 611 1391 studhs
634 1326 750 1391 nostris
774 1328 811 1391 de
835 1327 943 1392 Fausti
965 1327 1089 1409 seriptis
1111 1346 1141 1409 p.
1159 1323 1209 1390 85.

303 1431 362 1494 His
392 1432 487 1515 igitur
517 1431 615 1495 tribus
642 1431 730 1495 libris
759 1431 977 1513 manuscriptis
1005 1432 1053 1495 usi
1079 1449 1188 1496 sumus
1212 1431 1251 1494 ad
1274 1434 1394 1496 textum

260 1535 422 1617 utriusque
438 1535 589 1600 sermonis
605 1536 857 1600 constituendum
879 1539 911 1599 et
930 1536 1043 1600 codicis
1060 1535 1084 1600 O
1099 1535 1285 1600 lectionibus
1305 1537 1394 1600 111111

259 1639 430 1722 priucipem
461 1641 565 1704 locum
595 1641 816 1704 concessimus.
854 1640 988 1722 reliquos
1016 1640 1137 1704 codices
1165 1640 1290 1704 eosdem
1320 1641 1393 1704 duos

210 1821 213 1826 Δ
260 1761 420 1808 sermones
444 1744 637 1826 exhibentes,
661 1763 792 1826 quorum
817 1762 874 1827 ego
897 1745 1024 1826 quidem
1040 1745 1184 1808 1111111111
1199 1743 1312 1825 habeo,
1336 1763 1394 1808 uno

260 1847 355 1913 uerbo
386 1850 436 1913 hic
463 1849 605 1933 tetigisse
632 1849 707 1912 setis
736 1853 792 1912 est.
832 1851 905 1912 sunt
934 1851 1040 1912 autem
1068 1849 1113 1913 hi:
1142 1847 1261 1914 Codex
1289 1849 1395 1914 Troe-

259 1954 381 2017 censis
412 1972 443 2017 1.
469 1951 551 2016 1268
582 1971 663 2018 saec.
687 1952 759 2032 XII,
791 1953 903 2017 codex
933 1952 1210 2017 Fsoorialeusis
1241 1953 1268 2033 Q
1294 1954 1328 2017 II
1356 1953 1394 2016 22

259 2076 338 2120 saec.
352 2057 424 2138 XII,
440 2057 552 2122 codex
568 2057 793 2140 Baginensis
810 2077 840 2121 1.
853 2055 917 2118 2411
933 2075 1013 2120 1111.
1026 2055 1221 2138 xri-xm,
1237 2057 1394 2140 inquibus

258 2161 404 2226 omnibus
427 2162 536 2226 Fausti
559 2180 673 2226 nomen
696 2161 832 2226 homiliis
855 2161 1080 2243 praescriptum
1104 2165 1161 2224 est.

302 2265 361 2330 Sed
392 2270 516 2331 exstant
542 2267 612 2330 libri
636 2265 838 2347 manuscripti
862 2265 945 2348 iique
968 2266 1094 2346 uetusti,
1121 2265 1154 2330 11
1181 2264 1295 2347 quibus
1321 2266 1394 2359 Gae-

258 2371 331 2434 sarii
354 2371 479 2434 nomine
507 2375 634 2452 uterque
662 2389 765 2435 sermo
792 2369 958 2452 insignitus
989 2373 1048 2450 est,
1077 2373 1114 2433 ut
1143 2371 1284 2454 exemplo
1315 2375 1395 2450 utar,

257 2475 403 2539 codices
427 2474 762 2558 Wirceburgenses
790 2474 883 2538 theol.
908 2473 1212 2538 1241111111111
1242 2479 1273 2538 et
1301 2475 1393 2538 theol.

258 2579 319 2644 o.l
347 2597 428 2642 saec.
445 2579 550 2660 VIIII,
578 2580 609 2643 in
637 2579 750 2660 quibus
779 2578 941 2642 duodecim
965 2577 1111 2642 homiliae
1134 2578 1309 2658 traduntur,
1339 2581 1395 2642 sei-

258 2686 331 2748 licet
353 2685 461 2748 decem
484 2683 819 2748 Pseudo-Eusebianos
841 2683 880 2746 ad
903 2681 1072 2746 monachos
1096 2687 1129 2746 et
1158 2681 1236 2746 duae
1260 2687 1395 2762 nostrae,

259 2809 338 2871 quae
362 2790 392 2852 in
420 2789 468 2852 his
496 2787 653 2853 codicibus
681 2789 756 2852 noni
783 2787 900 2852 saeculi
924 2787 1095 2868 uniatque
1119 2787 1146 2850 ei
1174 2787 1254 2851 falso
1278 2789 1396 2852 auctori

257 2892 402 2957 Caesario
426 2893 634 2972 ascribuntur,
655 2911 729 2955 eum
753 2892 791 2955 ad
814 2891 979 2954 ueritatem
1000 2891 1138 2974 proxime
1159 2891 1286 2955 accedat
1301 2892 1394 2956 ceder

257 2997 373 3061 saeculi
396 2997 570 3060 duodecimi
594 2996 628 3077 O,
652 2996 706 3078 qui
728 2997 804 3060 11111
829 3013 1009 3060 sermonum
1032 2995 1070 3058 ad
1094 2995 1262 3059 monachos
1285 2997 1396 3060 collec-

257 3101 374 3165 tionem
398 3101 561 3164 continens
585 3101 790 3184 singularum,
814 3099 984 3182 exquibus
1005 3099 1302 3180 constatcolleotio,
1327 3119 1396 3184 par-

257 3207 334 3270 tium
365 3206 497 3289 uestigia
526 3206 649 3289 integro
678 3205 817 3268 seruauit
847 3209 879 3268 et
909 3223 1068 3268 sermones
1096 3203 1135 3268 ad
1162 3205 1333 3268 monachos
1362 3225 1395 3268 ex

256 3311 435 3374 collectione
451 3309 766 3373 Pseudo-Eusebium
786 3308 985 3392 depromptos
1002 3327 1064 3373 nou
1081 3309 1309 3373 contaminauit
1324 3329 1394 3374 curn

256 3414 381 3494 reliquis
399 3413 509 3478 Fausti
526 3414 564 3477 ad
581 3415 749 3478 monachos
770 3413 975 3477 sermonibus.
1014 3414 1213 3477 conserantur
1228 3413 1325 3477 etiam
1342 3433 1396 3478 oo-

256 3518 356 3581 diees
372 3517 639 3601 sangallenses
664 3537 693 3582 n.
714 3516 775 3579 193
791 3535 871 3581 saec.
889 3517 977 3596 VIII,
993 3537 1023 3580 n.
1043 3515 1105 3579 194
1121 3535 1200 3581 saec.
1218 3517 1396 3596 VI-Vlll,

257 3641 286 3684 u.
300 3619 363 3684 558
380 3640 459 3685 saec.
475 3621 577 3702 VIIII,
595 3641 624 3686 1.
638 3619 701 3685 579
718 3640 799 3685 saec.
813 3621 917 3700 VIIII,
932 3622 962 3684 in
976 3620 1088 3702 quibus
1101 3621 1246 3684 omnibus
1259 3621 1396 3686 Caesarii

256 3726 403 3790 homiliae
427 3729 567 3790 'numero
590 3726 763 3790 duodecim'
786 3729 920 3804 exstent,
943 3725 1025 3789 inter
1048 3743 1125 3806 quas
1149 3725 1349 3789 Faustianae.

295 3829 442 3893 Primum
474 3830 547 3894 editi
580 3850 648 3894 csse
679 3829 824 3893 uidentur
854 3847 1013 3892 sermones
1037 3829 1145 3892 XXIII
1170 3833 1201 3893 11
1224 3829 1351 3893 XXIIII
1379 3847 1396 3892 1

256 3935 341 3998 Luca
356 3934 529 4014 Holstenio,
554 3933 657 3998 Codex
677 3934 867 4016 regularum,
891 3951 968 4015 quas
989 3933 1089 3996 saneti
1108 3936 1212 4016 patres
1233 3935 1396 3998 monachIs

256 4043 288 4102 et
303 4037 474 4121 ulrgiuibus
491 4037 781 4102 sanctimonialibus
799 4037 969 4101 seruandae
985 4037 1223 4120 praescripsere,
1246 4037 1395 4101 collectus

256 4143 330 4206 olim
353 4161 372 4204 a
394 4161 418 4204 s.
436 4142 604 4206 Benedicta
621 4141 804 4221 riniacensi,
827 4141 957 4205 Parisiis
975 4139 1069 4222 1663,
1092 4140 1147 4204 ubi
1169 4142 1201 4204 in
1225 4143 1396 4225 appendice

256 4267 285 4330 p.
302 4245 342 4308 41
365 4265 432 4328 sqq.
464 4245 571 4310 Fausti
602 4245 724 4309 abbatis
755 4244 929 4310 Lirinensm
961 4264 1121 4310 sermones
1154 4246 1193 4309 ad
1224 4246 1395 4311 monachos

257 4354 403 4432 quattuor
434 4350 452 4414 i.
477 4369 504 4414 e.
528 4350 588 4414 duo
615 4350 713 4414 nostri
745 4367 904 4415 sermones
935 4354 967 4414 11
996 4351 1056 4414 duo
1086 4350 1394 4416 Pseudo-Eusebium
