2920 4928
258 409 321 462 XIV
702 411 944 479 Prolegomena.

301 587 392 651 Hane
416 586 582 670 epistulam
606 605 624 650 a
647 587 711 650 solo
735 587 851 650 Fausto
874 586 913 650 ad
935 586 1087 650 Lucidum
1111 589 1241 652 missam
1268 592 1300 652 et
1323 587 1391 652 sub·

243 691 404 774 scriptam
433 709 500 754 esse
528 691 596 754 luce
624 691 737 755 clarius
761 696 810 755 est
833 694 865 755 et
887 690 999 755 codicis
1022 691 1233 775 sangallensis
1260 694 1391 756 auctori-

256 798 321 860 tate
351 795 570 877 comprobatur·
600 795 653 878 (cl.
679 797 910 860 adnotationem
942 797 1080 860 criticam
1112 797 1152 860 ad
1180 816 1210 879 p.
1235 795 1306 877 164,
1331 796 1390 879 16).

257 900 338 963 unde
361 899 549 963 Hincmarus
577 919 698 981 quoque
726 899 864 982 (saeculo
891 900 987 984 nono)
1013 901 1044 964 in
1072 901 1178 965 libello
1206 901 1242 964 de
1266 902 1392 984 praede·

257 1004 423 1069 stinatioue
452 1004 500 1067 dei
529 1007 560 1068 et
585 1005 684 1069 libero
713 1003 839 1068 arbitrio
867 1005 949 1068 hane
976 1005 1143 1087 epistulam
1170 1006 1279 1070 eodem
1302 1006 1392 1070 modo

257 1109 465 1191 subscriptam
499 1109 616 1191 profert
650 1108 786 1192 (Migne,
820 1109 936 1172 Patrol.
965 1110 1019 1172 lat.
1046 1107 1158 1174 CXXV
1183 1108 1247 1192 19).
1294 1115 1393 1175 exstat

256 1215 362 1277 autem
382 1214 412 1276 iu
434 1213 539 1276 codice
559 1213 702 1276 Parisino
722 1213 819 1276 latino
840 1212 983 1292 12166,
1007 1214 1059 1294 qui
1075 1214 1159 1277 solus
1176 1213 1283 1278 Fausti
1298 1215 1392 1279 libros

256 1318 294 1380 de
321 1317 423 1401 gratia
451 1317 576 1381 exhibet
604 1321 635 1380 11
662 1317 797 1399 optimae
825 1321 915 1381 notae
944 1322 1001 1397 est,
1029 1317 1206 1401 subscripta
1228 1318 1336 1383 Fausti
1364 1324 1392 1383 et

255 1422 364 1485 decem
394 1423 523 1485 aliorum
555 1422 768 1504 episcoporum
800 1425 831 1485 et
860 1422 957 1504 ipsius
988 1422 1098 1486 Lucidi
1128 1422 1307 1487 nominibus
1340 1424 1392 1508 (cl.

254 1546 283 1608 p.
304 1524 375 1606 164,
395 1525 481 1588 1111
504 1525 761 1608 adnotationem),
785 1544 864 1607 quae
888 1526 966 1590 salso
990 1527 1111 1591 adiecta
1134 1547 1201 1591 esse
1225 1514 1300 1592 mihi
1323 1547 1394 1612 per-

255 1631 385 1694 suadere
413 1649 473 1695 non
503 1649 642 1713 possum,
671 1649 764 1712 quare
792 1635 957 1712 utramque
985 1631 1135 1714 epistulae
1162 1632 1330 1696 formulam
1355 1634 1393 1697 ad

196 1780 198 1784 -
254 1735 406 1799 Faustum
429 1735 613 1798 rettulerim.
653 1735 805 1798 Lucidum
829 1736 911 1798 eninr
935 1737 1036 1818 primo
1059 1736 1170 1800 litteris
1195 1736 1303 1800 Fausti
1331 1757 1393 1802 non

253 1840 393 1922 paruisse
421 1858 552 1921 eamque
579 1839 618 1903 111
647 1859 713 1902 rem
741 1841 895 1921 synodum
921 1840 1050 1924 triginta
1078 1841 1292 1923 episcoporum
1320 1860 1394 1906 con-

254 1949 417 2028 gregatam
447 1963 515 2008 esse
544 1945 582 2007 ad
610 1945 720 2007 Lucidi
749 1961 868 2008 errores
895 1943 1020 2026 publice
1048 1945 1241 2008 damnandos
1268 1946 1393 2010 intelle-

253 2049 355 2131 gimus
379 2068 414 2112 ex
443 2049 576 2129 epistula
598 2049 703 2111 Lucidi
728 2049 766 2111 ad
789 2049 916 2131 triginta
938 2049 1009 2112 illos
1033 2050 1192 2131 episcopos
1220 2049 1302 2129 data,
1331 2069 1394 2132 qua

254 2152 350 2214 iuncta
372 2151 596 2236 praedicandi
624 2151 765 2213 recentia
792 2161 917 2214 statuite
940 2151 1074 2214 concilii
1101 2171 1218 2218 errores
1247 2172 1319 2218 suos
1344 2175 1394 2218 re-

253 2258 400 2322 traetauit
422 2254 758 2341 (1111611111).
804 2258 932 2321 nomina
955 2259 1084 2341 triginta
1112 2259 1328 2341 episcoporum
1353 2259 1393 2324 ab

252 2362 433 2442 Hincmaro,
454 2362 507 2443 qui
524 2361 631 2424 Lucidi
653 2380 774 2443 quoque
795 2361 962 2444 epistulam
983 2363 1115 2442 exhibet,
1140 2367 1171 2426 11
1190 2363 1294 2426 codice
1314 2362 1395 2428 San·

252 2467 384 2550 gallensi
406 2466 473 2548 pari
496 2465 587 2530 modo
610 2484 801 2547 quamquam
824 2466 931 2530 ordine
954 2467 1076 2531 diuerso
1097 2467 1271 2546 traduntur,
1295 2469 1394 2531 codex

252 2571 414 2634 Parisinus
434 2570 547 2653 uiginti
567 2574 689 2652 septem
710 2574 835 2634 tantum
856 2572 984 2635 nomina
1002 2570 1131 2652 praebet
1148 2569 1243 2635 Oroco
1260 2569 1394 2636 Claudio

252 2676 349 2738 altero
377 2674 518 2739 Ursicino
545 2675 652 2757 procul
684 2675 776 2739 dubio
806 2693 862 2758 per
888 2676 1041 2740 incuriam
1068 2675 1188 2740 librarii
1215 2693 1278 2740 non
1305 2695 1395 2742 com-

252 2781 441 2844 memoratis.

295 2883 421 2948 Arelate
451 2884 616 2948 concilium
646 2885 724 2949 illud
754 2884 898 2949 habitum
929 2903 997 2949 esse
1025 2904 1061 2950 ex
1089 2886 1223 2968 epistula
1249 2892 1394 2969 apparet,

252 3007 345 3070 quam
368 2989 501 3053 Ferratus
530 2989 569 3052 ad
597 2989 763 3054 Leontium
792 2990 972 3072 episcopum
1000 2989 1217 3054 Arelatensem
1245 2990 1331 3055 dedit
1361 2997 1396 3056 et

251 3093 371 3176 prologi
397 3093 464 3157 loco
491 3093 579 3158 libris
608 3094 644 3158 de
672 3095 774 3177 gratia
799 3093 956 3176 praefixit:
987 3111 1193 3178 congregasse
1222 3095 1395 3160 Leontium

250 3198 286 3260 in
309 3197 549 3262 condemnando
573 3197 888 3284 praedestinationis
916 3219 1027 3262 111111
1054 3197 1228 3262 concilium
1255 3221 1394 3264 1111111-

250 3323 324 3363 111
354 3301 539 3365 antistitum
567 3307 608 3383 et,
639 3321 717 3384 quae
744 3304 777 3366 in
806 3321 841 3366 eo
869 3304 1027 3385 disputata
1054 3307 1168 3384 essent,
1200 3304 1327 3384 Fausto,
1355 3311 1396 3370 ut

251 3407 468 3488 conscriberet,
493 3408 659 3472 mandasse
683 3407 725 3490 (p.
743 3406 774 3488 3,
792 3405 811 3469 8
829 3407 925 3490 sqq.);
952 3411 1024 3488 post
1050 3409 1170 3472 concilii
1192 3407 1394 3474 Arelatensis

252 3500 510 3593 subscriptionem
541 3513 629 3574 nouis
661 3511 817 3575 erroribus
849 3511 1048 3593 deprehensis
1079 3513 1244 3595 synodum·
1261 3512 1395 3598 Lugdu-

252 3635 382 3679 nensem
416 3617 564 3700 exegisse,
599 3619 636 3679 ut
669 3615 808 3680 Faustus
843 3615 948 3696 aliqua
981 3617 1128 3698 opusculo
1163 3635 1218 3680 suo
1251 3618 1396 3684 adiceret

251 3724 295 3802 (p.
312 3719 342 3800 4,
358 3718 397 3782 at
415 3720 507 3803 sqq.).
545 3721 608 3784 iarn
632 3721 659 3783 si
682 3719 931 3803 reputauerimus
947 3719 1100 3784 Faustum
1121 3722 1187 3786 sine
1207 3721 1301 3787 dubio
1323 3725 1395 3806 epi-

251 3825 368 3889 stulam
394 3825 433 3888 ad
455 3824 607 3888 Lucidum
638 3824 744 3888 datam
774 3825 807 3888 in
838 3824 965 3888 coneilio
988 3823 1176 3906 Arelatensi,
1206 3829 1242 3890 ut
1271 3827 1394 3893 Lucida

251 3929 389 3993 minatus
413 3933 488 4009 erat,
511 3928 688 4011 protulisse,
713 3928 788 3992 satis
812 3929 876 3992 neri
893 3929 995 3992 simile
1012 3931 1059 3992 est
1082 3948 1154 3992 eum
1178 3931 1338 4014 episcopos
1363 3933 1395 3996 si

183 4045 186 4054 ¹
251 4053 313 4099 non
333 4052 452 4113 omneS,
476 4037 507 4096 at
528 4034 702 4115 complures
723 4049 859 4115 rogasse,
883 4036 919 4096 ut
939 4031 1182 4115 subscriberent,
1206 4053 1266 4117 quo
1287 4037 1393 4102 maior

251 4143 335 4202 esset
370 4137 522 4220 epistulae
557 4138 725 4200 auctoritas
761 4154 867 4200 eorum
899 4155 1066 4217 consensu,
1097 4138 1250 4204 Lucidum
1280 4144 1392 4206 autem

252 4262 368 4307 errores
392 4259 463 4306 suos
486 4245 709 4306 retractantem
737 4242 814 4304 item
842 4242 993 4324 epistulae
1016 4241 1125 4307 Fausti
1153 4243 1391 4326 subscripsisse,

251 4351 286 4413 ut
299 4351 391 4410 antea
401 4348 505 4412 iussus
518 4351 585 4410 erat
597 4345 635 4408 ab
649 4346 715 4428 ipso
728 4346 853 4408 Fausto.
882 4363 975 4426 quam
988 4345 1027 4410 ob
1040 4366 1105 4410 rem
1122 4347 1390 4430 subscriptionem
