2924 4924
243 417 306 482 282
687 422 752 476 1111.
773 425 881 476 Sermo
902 427 940 479 15.

241 597 273 660 in
298 601 398 660 semet
417 598 484 679 ipso
508 615 625 662 nouum
647 598 808 662 hominem
832 599 959 663 crimine
983 600 1140 664 homicidii
1163 601 1326 680 interfecit,
1353 605 1377 666 si
1446 649 1448 682 p

241 702 372 784 auguria
388 701 581 766 obseruando
602 721 657 786 ρετ
672 703 853 785 haruspices
870 709 902 768 et
917 704 1038 768 diuinos
1054 708 1147 786 atque
1170 706 1376 770 incantatores
1445 693 1448 792 1

241 809 368 888 captum
392 825 425 870 se
448 806 569 871 diabolo
593 808 731 888 tradidit,
755 808 832 872 haec
856 813 949 891 atque
972 809 1100 874 huiusce
1125 811 1207 874 modi
1230 811 1314 874 mala
1329 829 1378 874 er·
1447 849 1449 872 a

240 911 318 992 piari
348 912 473 992 penitus
504 913 663 976 communi
695 915 726 976 et
758 913 905 977 mediocri
935 915 986 978 uel
1018 918 1137 978 secreta
1169 915 1377 979 satisfactione

201 1042 214 1080 a
242 1017 291 1078 uix
319 1019 459 1096 possunt.
505 1034 616 1100 graues
645 1034 757 1080 causae
785 1019 943 1100 grauiores
968 1023 998 1082 et
1026 1019 1158 1082 acriores
1182 1023 1213 1082 et
1239 1019 1377 1102 publicas
1445 989 1451 1124 h

241 1137 330 1182 ouras
353 1119 525 1201 requirunt,
554 1125 598 1200 ut,
622 1121 675 1202 qui
699 1140 770 1185 oum
793 1123 999 1204 plurimorum
1022 1123 1231 1187 destructione
1255 1143 1288 1186 se
1311 1143 1377 1205 per·
1446 1156 1449 1223 ρ

240 1223 362 1303 diderit,
387 1225 481 1288 simili
505 1226 596 1288 modo
620 1244 691 1288 cum
715 1227 922 1308 plurimorum
945 1226 1158 1291 aedificatione
1181 1247 1214 1290 se
1237 1228 1375 1292 redimat.
1448 1281 1449 1284 ,

242 1329 334 1392 homo
359 1329 496 1392 enimse
519 1329 585 1412 ipse
609 1329 752 1412 decipiat,
777 1331 813 1410 si,
838 1349 910 1394 cum
933 1331 1019 1395 intus
1042 1332 1073 1394 in
1089 1331 1236 1395 medullis
1260 1333 1376 1394 feruere

241 1433 354 1496 sentiat
385 1432 540 1515 morbum,
571 1453 626 1516 ρετ
654 1434 848 1518 superficiem
878 1436 1013 1519 corporis
1042 1437 1134 1500 molle
1163 1436 1296 1500 deducat
1324 1455 1376 1499 un-

188 1563 214 1602 10
239 1540 402 1621 guantum.

282 1641 369 1705 Haec
397 1642 502 1724 itaque
526 1644 673 1726 capitalia
701 1645 784 1708 mala
810 1645 928 1728 ingenti
957 1651 989 1708 ot
1015 1647 1120 1729 rugitu
1149 1649 1181 1709 et
1207 1646 1327 1730 gemitu
1350 1649 1376 1708 et

240 1747 324 1811 fonte
340 1747 483 1830 indigent
506 1748 707 1811 lacrimarum
724 1753 754 1812 et
776 1750 1031 1831 proclamandum
1056 1753 1192 1814 osteum
1215 1751 1375 1834 propheta:
1448 1789 1449 1820 2

239 1851 623 1934 rugieloamagemitu
647 1853 769 1916 cordis
793 1855 944 1933 mei,·et:
969 1853 1102 1918 lauaho
1126 1855 1375 1937 persingulas
1450 1895 1451 1950 ρ

240 1959 369 2019 noctes
393 1955 531 2018 lectum
555 1975 690 2036 meum,
718 1957 884 2021 lacrimis
909 1961 1068 2022 stratum
1092 1977 1212 2022 meum
1236 1959 1375 2041 rigato,
1450 1961 1451 1982 *

189 2086 212 2124 m
240 2059 419 2123 etiterum:
447 2078 513 2143 ego
537 2065 660 2123 autem
684 2066 871 2142 tamquam
895 2063 1054 2125 cinerem
1078 2081 1210 2145 panem
1234 2063 1376 2126 mandu-

239 2164 574 2246 cabametpotum
599 2167 1174 2230 maumcumtletumisceham.
1222 2167 1376 2231 nemodo·
1450 2179 1451 2214 r

239 2268 347 2350 spiciat
374 2269 611 2349 paenitentiam,
641 2287 731 2332 nemo
755 2275 937 2334 contemnat
959 2271 1039 2334 hano
1062 2271 1282 2335 humilitatem.
1328 2290 1375 2336 rer

239 2373 322 2436 enim
353 2377 420 2436 erat
451 2373 568 2454 Dauid,
606 2375 657 2455 qui
689 2374 750 2438 ista
781 2374 919 2456 dicebat,
958 2395 1100 2439 summus
1128 2395 1180 2439 ren
1213 2379 1293 2456 erat,
1328 2377 1376 2456 qui

239 2477 301 2540 ista
323 2477 467 2541 faciebat.
514 2481 637 2561 oportet
662 2479 766 2560 itaque
794 2480 883 2561 quasi
912 2499 1004 2562 super
1033 2483 1190 2544 mortuum
1219 2499 1288 2544 eum
1317 2481 1376 2542 cla-

185 2607 211 2646 no
239 2600 324 2645 more
347 2585 378 2645 et
402 2600 532 2666 magnos
557 2601 649 2664 super
672 2584 841 2647 extinctam
865 2585 999 2667 peccatis
1024 2585 1162 2648 animam
1178 2585 1252 2648 dare
1273 2585 1375 2666 planc-

238 2689 299 2749 tus.
346 2691 378 2750 et
408 2687 560 2768 quomodo
595 2691 698 2750 mater
729 2689 807 2752 solet
841 2689 950 2752 orhata
980 2707 1073 2771 super
1103 2689 1269 2753 amissione
1296 2688 1374 2750 uniri

237 2789 291 2854 tilii
323 2791 370 2854 sui
402 2791 499 2854 tracto
528 2795 651 2873 pectore
681 2792 858 2873 lamentari,
890 2794 934 2856 ita
960 2793 1106 2857 conuenit
1136 2812 1229 2875 super
1255 2793 1373 2855 unicani
1451 2869 1452 2880 ρ

237 2895 374 2958 animam
406 2899 559 2976 nostram,
591 2895 645 2958 sed
676 2889 747 2959 cum'
779 2917 833 2979 spe
864 2898 1068 2980 reparationis
1099 2897 1220 2980 adfligi,
1250 2898 1285 2960 do
1315 2917 1374 2978 qua

237 3001 328 3062 unica
358 3017 460 3062 sermo
490 3000 691 3083 propheticus
723 3001 814 3065 dicit:
861 3021 946 3065 erue
985 3019 1004 3065 a
1041 3001 1182 3065 framea
1219 3003 1373 3065 animam

184 3129 210 3168 τε
237 3122 353 3167 meam
382 3109 418 3167 et
446 3105 487 3166 de
516 3123 623 3168 manu
652 3107 755 3168 canis
784 3107 930 3169 unicam
958 3125 1084 3170 meam.
1131 3125 1226 3188 quare
1253 3108 1374 3169 unicam

236 3207 332 3271 dicit?
364 3208 430 3271 siue
452 3208 533 3289 quod
555 3213 717 3290 tamquam
739 3211 832 3273 unica
854 3210 1011 3293 diligenda
1034 3215 1092 3290 est,
1116 3211 1183 3274 siue
1207 3211 1285 3292 quod
1307 3209 1375 3291 ipsa

237 3313 303 3376 sola
330 3315 402 3375 ante
433 3312 571 3376 tribunal
601 3313 716 3376 Christi
744 3315 896 3378 rationem
928 3315 1056 3379 remotis
1080 3315 1226 3378 omnihus
1254 3314 1374 3378 solaciis

341 3442 384 3510 13]
398 3441 577 3504 Permane.
614 3441 774 3508 Ρεε11ε6,7.
814 3443 1084 3512 15]Psa11n.101,1o.
1122 3443 1375 3512 supernatat.

283 3567 294 3619 l
316 3564 427 3616 cremini
446 3565 483 3631 D,
502 3580 564 3616 noce
583 3565 654 3632 App.
710 3565 836 3630 homicidi
856 3567 893 3633 D,
911 3565 1028 3618 hominis
1046 3567 1118 3636 Aup.
1176 3569 1192 3621 2
1211 3565 1318 3634 augoria
1338 3565 1376 3619 D¹

235 3651 368 3720 aruspices
386 3653 416 3706 D
469 3651 490 3704 si
509 3668 556 3720 ρετ
575 3668 686 3720 augures
706 3655 737 3754 etb
751 3651 856 3706 diuinos
876 3655 945 3723 dap.
1000 3655 1176 3722 3captiuum
1196 3655 1264 3722 Aup.
1320 3651 1378 3704 dia-

234 3764 296 3817 bulo
316 3765 345 3818 D
397 3765 559 3818 deornmoni
579 3766 608 3819 D
661 3765 807 3820 5acriores
822 3767 850 3819 D
902 3765 1031 3834 phmlicas
1045 3767 1073 3820 D
1126 3764 1335 3820 ddisstuctiona
1351 3765 1379 3818 D

234 3851 389 3906 ‘tredemat
407 3852 436 3904 D
489 3851 545 3907 8si
563 3869 693 3920 superscr.
714 3853 743 3906 D
797 3868 857 3904 cum
880 3853 1082 3922 Aop.,0m.1)
1134 3851 1207 3906 intus
1229 3871 1276 3908 om.
1303 3853 1377 3920 Αιιρ.

234 3937 402 4007 θευρθείεέ
422 3939 452 3992 D
535 3941 567 3993 12
590 3938 663 3991 tonte
686 3940 767 4008 App,
791 3938 859 3992 forte
882 3941 911 3993 D
992 3937 1123 4006 inditgent
1149 3941 1180 3993 D
1251 3931 1380 4007 pclarua-

234 4025 295 4078 nido
314 4027 343 4079 D
402 4024 504 4093 pphotc
524 4025 553 4078 D
619 4028 650 4079 15
669 4041 791 4092 cyuercm
811 4027 840 4080 D
906 4029 937 4081 lo
959 4025 1084 4078 miscicbai
1107 4027 1136 4079 D
1201 4024 1327 4094 dispiciat
1353 4027 1382 4078 D

236 4117 266 4168 17
295 4115 466 4181 contempnat
494 4113 522 4165 D
594 4115 626 4166 18
653 4111 729 4164 dauit
751 4115 781 4166 D
851 4113 955 4166 ‹tiochat
977 4131 1009 4168 aa
1031 4111 1143 4165 docebat.
1166 4114 1195 4166 D
1258 4115 1289 4166 lo
1316 4129 1380 4164 cum

234 4199 399 4267 attachment]
413 4197 609 4251 conclamatum
623 4198 660 4250 ita
673 4201 743 4267 A'up.
798 4202 831 4254 20
845 4201 999 4268 ruagnusD
1051 4199 1172 4268 plamatoe
1189 4201 1216 4254 D
1259 4201 1291 4252 21
1310 4201 1382 4251 anri-

234 4287 305 4338 sione
325 4287 354 4339 D
423 4289 457 4339 23
475 4283 619 4351 rcpatiouis
639 4287 667 4338 D
736 4288 768 4340 24
792 4287 961 4356 propheticus
980 4285 1046 4339 dicit
1064 4287 1145 4356 Aac,
1164 4285 1326 4354 ¹pphcticurn
1357 4287 1384 4340 Ι)

233 4375 266 4426 27
286 4371 380 4424 solacis
399 4373 429 4425 D
