<?xml version="1.0" encoding="UTF-8"?>
<!DOCTYPE html PUBLIC "-//W3C//DTD XHTML 1.0 Transitional//EN"
    "http://www.w3.org/TR/xhtml1/DTD/xhtml1-transitional.dtd">
<html xmlns="http://www.w3.org/1999/xhtml" xml:lang="en" lang="en">
 <head>
  <title>
</title>
<meta http-equiv="Content-Type" content="text/html;charset=utf-8" />
  <meta name='ocr-system' content='tesseract 3.04.00' />
  <meta name='ocr-capabilities' content='ocr_page ocr_carea ocr_par ocr_line ocrx_word'/>
</head>
<body>
  <div class='ocr_page' id='page_1' title='image "./praetersermones00fausgoog/praetersermones00fausgoog_0320.png"; bbox 0 0 2924 4924; ppageno 0'>
   <div class='ocr_carea' id='block_1_1' title="bbox 252 381 963 446">
    <p class='ocr_par' dir='ltr' id='par_1_1' title="bbox 252 381 963 446">
     <span class='ocr_line' id='line_1_1' title="bbox 252 381 963 446; baseline -0.014 0"><span class='ocrx_word' id='word_1_1' title='bbox 252 381 316 446; x_wconf 76' lang='grc'>232</span> <span class='ocrx_word' id='word_1_2' title='bbox 670 382 736 437; x_wconf 91' lang='grc' dir='ltr'><strong>ΠΙΙ.</strong></span> <span class='ocrx_word' id='word_1_3' title='bbox 756 382 865 436; x_wconf 87' lang='lat' dir='ltr'><strong>Sermo</strong></span> <span class='ocrx_word' id='word_1_4' title='bbox 884 385 963 439; x_wconf 83' lang='grc'>2-3,</span> 
     </span>
    </p>
   </div>
   <div class='ocr_carea' id='block_1_2' title="bbox 251 557 1375 954">
    <p class='ocr_par' dir='ltr' id='par_1_2' title="bbox 251 557 1375 954">
     <span class='ocr_line' id='line_1_2' title="bbox 252 557 1374 641; baseline -0.004 -18"><span class='ocrx_word' id='word_1_5' title='bbox 252 577 364 624; x_wconf 81' lang='lat' dir='ltr'><strong>manus</strong></span> <span class='ocrx_word' id='word_1_6' title='bbox 388 562 470 638; x_wconf 87' lang='lat' dir='ltr'><strong>tuae,</strong></span> <span class='ocrx_word' id='word_1_7' title='bbox 498 561 534 622; x_wconf 95' lang='lat' dir='ltr'><strong>ut</strong></span> <span class='ocrx_word' id='word_1_8' title='bbox 555 557 684 623; x_wconf 83' lang='lat' dir='ltr'><strong>brachie</strong></span> <span class='ocrx_word' id='word_1_9' title='bbox 706 557 771 622; x_wconf 92' lang='lat' dir='ltr'><strong>eins</strong></span> <span class='ocrx_word' id='word_1_10' title='bbox 797 575 853 640; x_wconf 88' lang='lat' dir='ltr'><strong>pro</strong></span> <span class='ocrx_word' id='word_1_11' title='bbox 880 561 911 621; x_wconf 87' lang='lat' dir='ltr'><strong>to</strong></span> <span class='ocrx_word' id='word_1_12' title='bbox 938 561 1048 641; x_wconf 81' lang='lat' dir='ltr'><strong>postea</strong></span> <span class='ocrx_word' id='word_1_13' title='bbox 1070 557 1206 641; x_wconf 84' lang='lat' dir='ltr'><strong>figuntur</strong></span> <span class='ocrx_word' id='word_1_14' title='bbox 1232 558 1264 621; x_wconf 93' lang='lat' dir='ltr'><strong>in</strong></span> <span class='ocrx_word' id='word_1_15' title='bbox 1287 575 1374 622; x_wconf 85' lang='lat' dir='ltr'><strong>oruce.</strong></span> 
     </span>
     <span class='ocr_line' id='line_1_3' title="bbox 251 661 1375 748; baseline -0.004 -20"><span class='ocrx_word' id='word_1_16' title='bbox 251 666 409 748; x_wconf 89' lang='lat' dir='ltr'><strong>postremo</strong></span> <span class='ocrx_word' id='word_1_17' title='bbox 432 665 467 726; x_wconf 92' lang='lat' dir='ltr'><strong>tu</strong></span> <span class='ocrx_word' id='word_1_18' title='bbox 490 663 533 726; x_wconf 93' lang='lat' dir='ltr'><strong>illi</strong></span> <span class='ocrx_word' id='word_1_19' title='bbox 553 665 588 728; x_wconf 92' lang='lat' dir='ltr'><strong>ut</strong></span> <span class='ocrx_word' id='word_1_20' title='bbox 610 666 710 727; x_wconf 82' lang='lat' dir='ltr'><strong>muter</strong></span> <span class='ocrx_word' id='word_1_21' title='bbox 732 663 936 746; x_wconf 74' lang='lat' dir='ltr'><strong>temporalem</strong></span> <span class='ocrx_word' id='word_1_22' title='bbox 960 662 1144 728; x_wconf 76' lang='lat' dir='ltr'><strong>administro</strong></span> <span class='ocrx_word' id='word_1_23' title='bbox 1165 661 1375 740; x_wconf 71' lang='lat' dir='ltr'><strong>substantiam,</strong></span> 
     </span>
     <span class='ocr_line' id='line_1_4' title="bbox 252 765 1375 851; baseline -0.002 -19"><span class='ocrx_word' id='word_1_24' title='bbox 252 772 287 832; x_wconf 92' lang='lat' dir='ltr'><strong>at</strong></span> <span class='ocrx_word' id='word_1_25' title='bbox 314 768 380 850; x_wconf 88' lang='lat' dir='ltr'><strong>ipse</strong></span> <span class='ocrx_word' id='word_1_26' title='bbox 408 766 497 832; x_wconf 92' lang='lat' dir='ltr'><strong>nobis</strong></span> <span class='ocrx_word' id='word_1_27' title='bbox 527 770 559 830; x_wconf 91' lang='lat' dir='ltr'><strong>et</strong></span> <span class='ocrx_word' id='word_1_28' title='bbox 588 765 645 830; x_wconf 88' lang='lat' dir='ltr'><strong>tibi</strong></span> <span class='ocrx_word' id='word_1_29' title='bbox 675 784 738 831; x_wconf 83' lang='lat' dir='ltr'><strong>une</strong></span> <span class='ocrx_word' id='word_1_30' title='bbox 760 785 832 830; x_wconf 93' lang='lat' dir='ltr'><strong>cnm</strong></span> <span class='ocrx_word' id='word_1_31' title='bbox 854 769 943 850; x_wconf 83' lang='lat' dir='ltr'><strong>patre</strong></span> <span class='ocrx_word' id='word_1_32' title='bbox 973 771 1003 831; x_wconf 91' lang='lat' dir='ltr'><strong>et</strong></span> <span class='ocrx_word' id='word_1_33' title='bbox 1033 785 1105 831; x_wconf 93' lang='lat' dir='ltr'><strong>cnm</strong></span> <span class='ocrx_word' id='word_1_34' title='bbox 1135 766 1249 851; x_wconf 88' lang='lat' dir='ltr'><strong>spiritu</strong></span> <span class='ocrx_word' id='word_1_35' title='bbox 1281 767 1375 830; x_wconf 80' lang='lat' dir='ltr'><strong>sancto</strong></span> 
     </span>
     <span class='ocr_line' id='line_1_5' title="bbox 253 869 887 954; baseline -0.003 -16"><span class='ocrx_word' id='word_1_36' title='bbox 253 873 352 938; x_wconf 81' lang='lat' dir='ltr'><strong>uitem</strong></span> <span class='ocrx_word' id='word_1_37' title='bbox 376 870 495 936; x_wconf 83' lang='lat' dir='ltr'><strong>tribuet</strong></span> <span class='ocrx_word' id='word_1_38' title='bbox 517 871 750 954; x_wconf 81' lang='lat' dir='ltr'><strong>sempiternom.</strong></span> <span class='ocrx_word' id='word_1_39' title='bbox 774 869 887 936; x_wconf 84' lang='lat' dir='ltr'><strong>Amen.</strong></span> 
     </span>
    </p>
   </div>
   <div class='ocr_carea' id='block_1_3' title="bbox 791 1129 850 1196">
    <p class='ocr_par' dir='ltr' id='par_1_3' title="bbox 791 1129 850 1196">
     <span class='ocr_line' id='line_1_6' title="bbox 791 1129 850 1196; baseline 0.017 -1"><span class='ocrx_word' id='word_1_40' title='bbox 791 1129 850 1196; x_wconf 91' lang='grc' dir='ltr'><strong>ΠΙ.</strong></span> 
     </span>
    </p>
   </div>
   <div class='ocr_carea' id='block_1_4' title="bbox 511 1273 1125 1320">
    <p class='ocr_par' dir='ltr' id='par_1_4' title="bbox 511 1273 1125 1320">
     <span class='ocr_line' id='line_1_7' title="bbox 511 1273 1125 1320; baseline 0.005 -4"><span class='ocrx_word' id='word_1_41' title='bbox 511 1275 613 1316; x_wconf 73' lang='grc'>82111210</span> <span class='ocrx_word' id='word_1_42' title='bbox 636 1275 667 1316; x_wconf 76' lang='lat' dir='ltr'><strong>IN</strong></span> <span class='ocrx_word' id='word_1_43' title='bbox 689 1273 806 1316; x_wconf 69' lang='lat' dir='ltr'><strong>anunm</strong></span> <span class='ocrx_word' id='word_1_44' title='bbox 829 1273 939 1316; x_wconf 73' lang='lat' dir='ltr'><strong>MNO&#39;l&#39;l</strong></span> <span class='ocrx_word' id='word_1_45' title='bbox 962 1275 1125 1320; x_wconf 71' lang='lat' dir='ltr'><strong>STEPHANI.</strong></span> 
     </span>
    </p>
   </div>
   <div class='ocr_carea' id='block_1_5' title="bbox 203 1393 1381 3245">
    <p class='ocr_par' dir='ltr' id='par_1_5' title="bbox 253 1393 1377 1687">
     <span class='ocr_line' id='line_1_8' title="bbox 297 1393 1377 1476; baseline 0 -20"><span class='ocrx_word' id='word_1_46' title='bbox 297 1393 402 1458; x_wconf 78' lang='lat' dir='ltr'><strong>Lectio</strong></span> <span class='ocrx_word' id='word_1_47' title='bbox 426 1393 635 1475; x_wconf 80' lang='lat' dir='ltr'><strong>apostoloram</strong></span> <span class='ocrx_word' id='word_1_48' title='bbox 659 1397 796 1473; x_wconf 77' lang='lat' dir='ltr'><strong>actuum,</strong></span> <span class='ocrx_word' id='word_1_49' title='bbox 824 1410 903 1476; x_wconf 85' lang='lat' dir='ltr'><strong>quae</strong></span> <span class='ocrx_word' id='word_1_50' title='bbox 924 1393 1013 1458; x_wconf 91' lang='lat' dir='ltr'><strong>nobis</strong></span> <span class='ocrx_word' id='word_1_51' title='bbox 1040 1393 1132 1458; x_wconf 89' lang='lat' dir='ltr'><strong>hodie</strong></span> <span class='ocrx_word' id='word_1_52' title='bbox 1159 1395 1241 1459; x_wconf 84' lang='lat' dir='ltr'><strong>lecte</strong></span> <span class='ocrx_word' id='word_1_53' title='bbox 1263 1399 1319 1474; x_wconf 89' lang='lat' dir='ltr'><strong>est,</strong></span> <span class='ocrx_word' id='word_1_54' title='bbox 1339 1393 1377 1456; x_wconf 89' lang='lat' dir='ltr'><strong>di·</strong></span> 
     </span>
     <span class='ocr_line' id='line_1_9' title="bbox 253 1496 1377 1583; baseline -0.002 -21"><span class='ocrx_word' id='word_1_55' title='bbox 253 1497 415 1562; x_wconf 77' lang='lat' dir='ltr'><strong>lectissimi</strong></span> <span class='ocrx_word' id='word_1_56' title='bbox 437 1497 559 1577; x_wconf 84' lang='lat' dir='ltr'><strong>fratres,</strong></span> <span class='ocrx_word' id='word_1_57' title='bbox 586 1515 657 1560; x_wconf 92' lang='lat' dir='ltr'><strong>oum</strong></span> <span class='ocrx_word' id='word_1_58' title='bbox 680 1497 850 1579; x_wconf 88' lang='lat' dir='ltr'><strong>plurimum</strong></span> <span class='ocrx_word' id='word_1_59' title='bbox 876 1496 992 1562; x_wconf 77' lang='lat' dir='ltr'><strong>hebent</strong></span> <span class='ocrx_word' id='word_1_60' title='bbox 1016 1498 1049 1562; x_wconf 95' lang='lat' dir='ltr'><strong>in</strong></span> <span class='ocrx_word' id='word_1_61' title='bbox 1076 1498 1144 1581; x_wconf 83' lang='lat' dir='ltr'><strong>ipse</strong></span> <span class='ocrx_word' id='word_1_62' title='bbox 1166 1499 1267 1583; x_wconf 89' lang='lat' dir='ltr'><strong>specie</strong></span> <span class='ocrx_word' id='word_1_63' title='bbox 1290 1499 1377 1562; x_wconf 86' lang='lat' dir='ltr'><strong>edmi·</strong></span> 
     </span>
     <span class='ocr_line' id='line_1_10' title="bbox 253 1601 1376 1687; baseline -0.004 -20"><span class='ocrx_word' id='word_1_64' title='bbox 253 1601 391 1681; x_wconf 86' lang='lat' dir='ltr'><strong>rationis,</strong></span> <span class='ocrx_word' id='word_1_65' title='bbox 427 1619 489 1666; x_wconf 95' lang='lat' dir='ltr'><strong>non</strong></span> <span class='ocrx_word' id='word_1_66' title='bbox 523 1601 626 1665; x_wconf 88' lang='lat' dir='ltr'><strong>minus</strong></span> <span class='ocrx_word' id='word_1_67' title='bbox 660 1605 767 1666; x_wconf 85' lang='lat' dir='ltr'><strong>tamen</strong></span> <span class='ocrx_word' id='word_1_68' title='bbox 800 1602 939 1666; x_wconf 85' lang='lat' dir='ltr'><strong>eontinet</strong></span> <span class='ocrx_word' id='word_1_69' title='bbox 971 1602 1003 1666; x_wconf 96' lang='lat' dir='ltr'><strong>in</strong></span> <span class='ocrx_word' id='word_1_70' title='bbox 1038 1603 1185 1686; x_wconf 86' lang='lat' dir='ltr'><strong>mysterio</strong></span> <span class='ocrx_word' id='word_1_71' title='bbox 1218 1602 1376 1687; x_wconf 82' lang='lat' dir='ltr'><strong>dignitatis.</strong></span> 
     </span>
    </p>

    <p class='ocr_par' dir='ltr' id='par_1_6' title="bbox 203 1703 1381 3245">
     <span class='ocr_line' id='line_1_11' title="bbox 203 1703 1378 1789; baseline -0.003 -19"><span class='ocrx_word' id='word_1_72' title='bbox 203 1732 229 1772; x_wconf 79' lang='grc' dir='ltr'><strong>ιο</strong></span> <span class='ocrx_word' id='word_1_73' title='bbox 256 1724 354 1786; x_wconf 91' lang='lat' dir='ltr'><strong>ecoe,</strong></span> <span class='ocrx_word' id='word_1_74' title='bbox 385 1705 488 1787; x_wconf 89' lang='lat' dir='ltr'><strong>inquit</strong></span> <span class='ocrx_word' id='word_1_75' title='bbox 516 1705 627 1769; x_wconf 83' lang='lat' dir='ltr'><strong>beatas</strong></span> <span class='ocrx_word' id='word_1_76' title='bbox 658 1703 849 1789; x_wconf 76' lang='lat' dir='ltr'><strong>Stephanae,</strong></span> <span class='ocrx_word' id='word_1_77' title='bbox 883 1705 991 1770; x_wconf 90' lang='lat' dir='ltr'><strong>uideo</strong></span> <span class='ocrx_word' id='word_1_78' title='bbox 1021 1706 1145 1771; x_wconf 85' lang='lat' dir='ltr'><strong>caelos</strong></span> <span class='ocrx_word' id='word_1_79' title='bbox 1176 1711 1321 1788; x_wconf 77' lang='lat' dir='ltr'><strong>apertos</strong></span> <span class='ocrx_word' id='word_1_80' title='bbox 1348 1709 1378 1767; x_wconf 90' lang='lat' dir='ltr'><strong>et</strong></span> 
     </span>
     <span class='ocr_line' id='line_1_12' title="bbox 255 1809 1379 1875; baseline -0.002 -1"><span class='ocrx_word' id='word_1_81' title='bbox 255 1811 381 1875; x_wconf 89' lang='lat' dir='ltr'><strong>filium</strong></span> <span class='ocrx_word' id='word_1_82' title='bbox 403 1809 562 1874; x_wconf 91' lang='lat' dir='ltr'><strong>hominis</strong></span> <span class='ocrx_word' id='word_1_83' title='bbox 586 1812 748 1874; x_wconf 84' lang='lat' dir='ltr'><strong>stantem</strong></span> <span class='ocrx_word' id='word_1_84' title='bbox 764 1827 782 1874; x_wconf 86' lang='lat' dir='ltr'><strong>a</strong></span> <span class='ocrx_word' id='word_1_85' title='bbox 798 1809 938 1874; x_wconf 81' lang='lat' dir='ltr'><strong>dextris</strong></span> <span class='ocrx_word' id='word_1_86' title='bbox 968 1810 1035 1874; x_wconf 92' lang='lat' dir='ltr'><strong>dei.</strong></span> <span class='ocrx_word' id='word_1_87' title='bbox 1071 1809 1265 1875; x_wconf 79' lang='lat' dir='ltr'><strong>considerate</strong></span> <span class='ocrx_word' id='word_1_88' title='bbox 1280 1810 1379 1874; x_wconf 81' lang='lat' dir='ltr'><strong>adten-</strong></span> 
     </span>
     <span class='ocr_line' id='line_1_13' title="bbox 256 1913 1378 1998; baseline -0.003 -19"><span class='ocrx_word' id='word_1_89' title='bbox 256 1915 329 1995; x_wconf 87' lang='lat' dir='ltr'><strong>tius,</strong></span> <span class='ocrx_word' id='word_1_90' title='bbox 353 1913 544 1979; x_wconf 82' lang='lat' dir='ltr'><strong>dilectissimi</strong></span> <span class='ocrx_word' id='word_1_91' title='bbox 567 1913 688 1994; x_wconf 79' lang='lat' dir='ltr'><strong>fratres,</strong></span> <span class='ocrx_word' id='word_1_92' title='bbox 711 1932 782 1978; x_wconf 90' lang='lat' dir='ltr'><strong>oum</strong></span> <span class='ocrx_word' id='word_1_93' title='bbox 797 1914 908 1979; x_wconf 87' lang='lat' dir='ltr'><strong>beatus</strong></span> <span class='ocrx_word' id='word_1_94' title='bbox 932 1919 1049 1998; x_wconf 78' lang='lat' dir='ltr'><strong>martyr</strong></span> <span class='ocrx_word' id='word_1_95' title='bbox 1064 1915 1224 1980; x_wconf 92' lang='lat' dir='ltr'><strong>dominum</strong></span> <span class='ocrx_word' id='word_1_96' title='bbox 1248 1919 1378 1980; x_wconf 90' lang='lat' dir='ltr'><strong>nostrum</strong></span> 
     </span>
     <span class='ocr_line' id='line_1_14' title="bbox 257 2018 1379 2102; baseline -0.003 -19"><span class='ocrx_word' id='word_1_97' title='bbox 257 2021 365 2084; x_wconf 88' lang='lat' dir='ltr'><strong>Iesum</strong></span> <span class='ocrx_word' id='word_1_98' title='bbox 389 2018 549 2083; x_wconf 78' lang='lat' dir='ltr'><strong>Christum</strong></span> <span class='ocrx_word' id='word_1_99' title='bbox 571 2019 610 2082; x_wconf 86' lang='lat' dir='ltr'><strong>ad</strong></span> <span class='ocrx_word' id='word_1_100' title='bbox 633 2019 791 2083; x_wconf 84' lang='lat' dir='ltr'><strong>dexteram</strong></span> <span class='ocrx_word' id='word_1_101' title='bbox 814 2019 863 2082; x_wconf 89' lang='lat' dir='ltr'><strong>dei</strong></span> <span class='ocrx_word' id='word_1_102' title='bbox 885 2019 983 2102; x_wconf 85' lang='lat' dir='ltr'><strong>petris</strong></span> <span class='ocrx_word' id='word_1_103' title='bbox 1007 2023 1088 2083; x_wconf 82' lang='lat' dir='ltr'><strong>stare</strong></span> <span class='ocrx_word' id='word_1_104' title='bbox 1111 2019 1252 2100; x_wconf 90' lang='lat' dir='ltr'><strong>uidisset,</strong></span> <span class='ocrx_word' id='word_1_105' title='bbox 1279 2038 1331 2083; x_wconf 90' lang='lat' dir='ltr'><strong>our</strong></span> <span class='ocrx_word' id='word_1_106' title='bbox 1351 2036 1379 2080; x_wconf 85' lang='lat' dir='ltr'><strong>se</strong></span> 
     </span>
     <span class='ocr_line' id='line_1_15' title="bbox 256 2121 1379 2206; baseline -0.003 -18"><span class='ocrx_word' id='word_1_107' title='bbox 256 2123 357 2188; x_wconf 87' lang='lat' dir='ltr'><strong>filium</strong></span> <span class='ocrx_word' id='word_1_108' title='bbox 380 2123 514 2188; x_wconf 87' lang='lat' dir='ltr'><strong>hominis</strong></span> <span class='ocrx_word' id='word_1_109' title='bbox 530 2121 635 2187; x_wconf 88' lang='lat' dir='ltr'><strong>uidere</strong></span> <span class='ocrx_word' id='word_1_110' title='bbox 654 2126 788 2187; x_wconf 76' lang='lat' dir='ltr'><strong>testatus</strong></span> <span class='ocrx_word' id='word_1_111' title='bbox 805 2127 853 2187; x_wconf 86' lang='lat' dir='ltr'><strong>est</strong></span> <span class='ocrx_word' id='word_1_112' title='bbox 875 2127 906 2187; x_wconf 90' lang='lat' dir='ltr'><strong>et</strong></span> <span class='ocrx_word' id='word_1_113' title='bbox 925 2142 986 2188; x_wconf 91' lang='lat' dir='ltr'><strong>non</strong></span> <span class='ocrx_word' id='word_1_114' title='bbox 1009 2124 1113 2206; x_wconf 86' lang='lat' dir='ltr'><strong>potius</strong></span> <span class='ocrx_word' id='word_1_115' title='bbox 1128 2123 1228 2188; x_wconf 87' lang='lat' dir='ltr'><strong>filium</strong></span> <span class='ocrx_word' id='word_1_116' title='bbox 1245 2125 1303 2204; x_wconf 89' lang='lat' dir='ltr'><strong>dei,</strong></span> <span class='ocrx_word' id='word_1_117' title='bbox 1326 2121 1379 2206; x_wconf 80' lang='lat' dir='ltr'><strong>[et]</strong></span> 
     </span>
     <span class='ocr_line' id='line_1_16' title="bbox 205 2226 1380 2310; baseline -0.004 -18"><span class='ocrx_word' id='word_1_118' title='bbox 205 2252 228 2292; x_wconf 65' lang='grc' dir='ltr'><strong>ιε</strong></span> <span class='ocrx_word' id='word_1_119' title='bbox 255 2246 327 2292; x_wconf 93' lang='lat' dir='ltr'><strong>cum</strong></span> <span class='ocrx_word' id='word_1_120' title='bbox 350 2228 458 2310; x_wconf 92' lang='lat' dir='ltr'><strong>utique</strong></span> <span class='ocrx_word' id='word_1_121' title='bbox 480 2227 551 2309; x_wconf 86' lang='lat' dir='ltr'><strong>plus</strong></span> <span class='ocrx_word' id='word_1_122' title='bbox 575 2227 734 2291; x_wconf 83' lang='lat' dir='ltr'><strong>deleturus</strong></span> <span class='ocrx_word' id='word_1_123' title='bbox 756 2227 880 2293; x_wconf 85' lang='lat' dir='ltr'><strong>honoris</strong></span> <span class='ocrx_word' id='word_1_124' title='bbox 896 2228 1020 2292; x_wconf 90' lang='lat' dir='ltr'><strong>domino</strong></span> <span class='ocrx_word' id='word_1_125' title='bbox 1043 2228 1210 2308; x_wconf 89' lang='lat' dir='ltr'><strong>uideretur,</strong></span> <span class='ocrx_word' id='word_1_126' title='bbox 1235 2229 1262 2291; x_wconf 90' lang='lat' dir='ltr'><strong>si</strong></span> <span class='ocrx_word' id='word_1_127' title='bbox 1284 2247 1315 2292; x_wconf 89' lang='lat' dir='ltr'><strong>se</strong></span> <span class='ocrx_word' id='word_1_128' title='bbox 1337 2226 1380 2288; x_wconf 88' lang='lat' dir='ltr'><strong>dei</strong></span> 
     </span>
     <span class='ocr_line' id='line_1_17' title="bbox 254 2331 1379 2415; baseline -0.004 -19"><span class='ocrx_word' id='word_1_129' title='bbox 254 2332 358 2415; x_wconf 87' lang='lat' dir='ltr'><strong>potius</strong></span> <span class='ocrx_word' id='word_1_130' title='bbox 386 2349 480 2412; x_wconf 87' lang='lat' dir='ltr'><strong>quom</strong></span> <span class='ocrx_word' id='word_1_131' title='bbox 507 2331 641 2396; x_wconf 91' lang='lat' dir='ltr'><strong>hominis</strong></span> <span class='ocrx_word' id='word_1_132' title='bbox 668 2331 766 2396; x_wconf 90' lang='lat' dir='ltr'><strong>filium</strong></span> <span class='ocrx_word' id='word_1_133' title='bbox 794 2331 899 2395; x_wconf 91' lang='lat' dir='ltr'><strong>uidere</strong></span> <span class='ocrx_word' id='word_1_134' title='bbox 927 2332 1073 2395; x_wconf 76' lang='lat' dir='ltr'><strong>dixisset?</strong></span> <span class='ocrx_word' id='word_1_135' title='bbox 1118 2331 1173 2396; x_wconf 91' lang='lat' dir='ltr'><strong>sed</strong></span> <span class='ocrx_word' id='word_1_136' title='bbox 1202 2331 1379 2397; x_wconf 77' lang='lat' dir='ltr'><strong>contemtio</strong></span> 
     </span>
     <span class='ocr_line' id='line_1_18' title="bbox 255 2434 1380 2520; baseline -0.004 -20"><span class='ocrx_word' id='word_1_137' title='bbox 255 2435 444 2520; x_wconf 79' lang='lat' dir='ltr'><strong>postulabat,</strong></span> <span class='ocrx_word' id='word_1_138' title='bbox 468 2439 503 2500; x_wconf 91' lang='lat' dir='ltr'><strong>at</strong></span> <span class='ocrx_word' id='word_1_139' title='bbox 524 2435 582 2500; x_wconf 90' lang='lat' dir='ltr'><strong>hoo</strong></span> <span class='ocrx_word' id='word_1_140' title='bbox 605 2436 694 2500; x_wconf 90' lang='lat' dir='ltr'><strong>itaet</strong></span> <span class='ocrx_word' id='word_1_141' title='bbox 717 2435 931 2499; x_wconf 84' lang='lat' dir='ltr'><strong>ostenderetur</strong></span> <span class='ocrx_word' id='word_1_142' title='bbox 953 2434 1086 2500; x_wconf 82' lang='lat' dir='ltr'><strong>incaelo</strong></span> <span class='ocrx_word' id='word_1_143' title='bbox 1110 2441 1141 2499; x_wconf 90' lang='lat' dir='ltr'><strong>et</strong></span> <span class='ocrx_word' id='word_1_144' title='bbox 1162 2437 1380 2519; x_wconf 86' lang='lat' dir='ltr'><strong>praedicaretur</strong></span> 
     </span>
     <span class='ocr_line' id='line_1_19' title="bbox 257 2539 1380 2615; baseline -0.004 -11"><span class='ocrx_word' id='word_1_145' title='bbox 257 2541 290 2604; x_wconf 91' lang='lat' dir='ltr'><strong>ia</strong></span> <span class='ocrx_word' id='word_1_146' title='bbox 320 2541 446 2604; x_wconf 89' lang='lat' dir='ltr'><strong>mando.</strong></span> <span class='ocrx_word' id='word_1_147' title='bbox 500 2557 591 2604; x_wconf 90' lang='lat' dir='ltr'><strong>omne</strong></span> <span class='ocrx_word' id='word_1_148' title='bbox 622 2539 705 2604; x_wconf 93' lang='lat' dir='ltr'><strong>enim</strong></span> <span class='ocrx_word' id='word_1_149' title='bbox 735 2539 920 2604; x_wconf 86' lang='lat' dir='ltr'><strong>Iudaeorum</strong></span> <span class='ocrx_word' id='word_1_150' title='bbox 951 2539 1132 2604; x_wconf 84' lang='lat' dir='ltr'><strong>scandalum</strong></span> <span class='ocrx_word' id='word_1_151' title='bbox 1163 2541 1195 2604; x_wconf 94' lang='lat' dir='ltr'><strong>in</strong></span> <span class='ocrx_word' id='word_1_152' title='bbox 1226 2539 1284 2604; x_wconf 88' lang='lat' dir='ltr'><strong>hoc</strong></span> <span class='ocrx_word' id='word_1_153' title='bbox 1312 2541 1380 2615; x_wconf 85' lang='lat' dir='ltr'><strong>erat,</strong></span> 
     </span>
     <span class='ocr_line' id='line_1_20' title="bbox 256 2643 1380 2726; baseline -0.004 -18"><span class='ocrx_word' id='word_1_154' title='bbox 256 2663 310 2708; x_wconf 92' lang='lat' dir='ltr'><strong>our</strong></span> <span class='ocrx_word' id='word_1_155' title='bbox 333 2643 475 2708; x_wconf 90' lang='lat' dir='ltr'><strong>dominus</strong></span> <span class='ocrx_word' id='word_1_156' title='bbox 499 2647 604 2708; x_wconf 90' lang='lat' dir='ltr'><strong>noster</strong></span> <span class='ocrx_word' id='word_1_157' title='bbox 626 2643 714 2708; x_wconf 90' lang='lat' dir='ltr'><strong>lesus</strong></span> <span class='ocrx_word' id='word_1_158' title='bbox 739 2643 891 2724; x_wconf 83' lang='lat' dir='ltr'><strong>Christus,</strong></span> <span class='ocrx_word' id='word_1_159' title='bbox 915 2643 968 2726; x_wconf 88' lang='lat' dir='ltr'><strong>qui</strong></span> <span class='ocrx_word' id='word_1_160' title='bbox 991 2643 1162 2708; x_wconf 91' lang='lat' dir='ltr'><strong>secundum</strong></span> <span class='ocrx_word' id='word_1_161' title='bbox 1184 2662 1308 2709; x_wconf 83' lang='lat' dir='ltr'><strong>carnem</strong></span> <span class='ocrx_word' id='word_1_162' title='bbox 1323 2647 1380 2706; x_wconf 85' lang='lat' dir='ltr'><strong>erut</strong></span> 
     </span>
     <span class='ocr_line' id='line_1_21' title="bbox 204 2746 1381 2832; baseline -0.004 -19"><span class='ocrx_word' id='word_1_163' title='bbox 204 2774 230 2812; x_wconf 81' lang='lat' dir='ltr'><strong>ro</strong></span> <span class='ocrx_word' id='word_1_164' title='bbox 256 2749 338 2813; x_wconf 88' lang='lat' dir='ltr'><strong>filius</strong></span> <span class='ocrx_word' id='word_1_165' title='bbox 360 2748 506 2828; x_wconf 88' lang='lat' dir='ltr'><strong>hominis,</strong></span> <span class='ocrx_word' id='word_1_166' title='bbox 530 2767 598 2812; x_wconf 88' lang='lat' dir='ltr'><strong>esse</strong></span> <span class='ocrx_word' id='word_1_167' title='bbox 614 2748 708 2812; x_wconf 88' lang='lat' dir='ltr'><strong>etiem</strong></span> <span class='ocrx_word' id='word_1_168' title='bbox 725 2748 775 2812; x_wconf 90' lang='lat' dir='ltr'><strong>dei</strong></span> <span class='ocrx_word' id='word_1_169' title='bbox 794 2746 875 2812; x_wconf 91' lang='lat' dir='ltr'><strong>filias</strong></span> <span class='ocrx_word' id='word_1_170' title='bbox 892 2748 1052 2812; x_wconf 87' lang='lat' dir='ltr'><strong>diceretur.</strong></span> <span class='ocrx_word' id='word_1_171' title='bbox 1090 2747 1159 2812; x_wconf 91' lang='lat' dir='ltr'><strong>ideo</strong></span> <span class='ocrx_word' id='word_1_172' title='bbox 1174 2767 1249 2832; x_wconf 87' lang='lat' dir='ltr'><strong>crgo</strong></span> <span class='ocrx_word' id='word_1_173' title='bbox 1264 2748 1381 2832; x_wconf 84' lang='lat' dir='ltr'><strong>pulchre</strong></span> 
     </span>
     <span class='ocr_line' id='line_1_22' title="bbox 257 2851 1380 2937; baseline -0.003 -21"><span class='ocrx_word' id='word_1_174' title='bbox 257 2853 363 2916; x_wconf 89' lang='lat' dir='ltr'><strong>diuinc</strong></span> <span class='ocrx_word' id='word_1_175' title='bbox 393 2853 545 2934; x_wconf 83' lang='lat' dir='ltr'><strong>scripture</strong></span> <span class='ocrx_word' id='word_1_176' title='bbox 571 2851 669 2917; x_wconf 89' lang='lat' dir='ltr'><strong>filium</strong></span> <span class='ocrx_word' id='word_1_177' title='bbox 697 2853 831 2916; x_wconf 91' lang='lat' dir='ltr'><strong>hominis</strong></span> <span class='ocrx_word' id='word_1_178' title='bbox 860 2851 898 2916; x_wconf 86' lang='lat' dir='ltr'><strong>ed</strong></span> <span class='ocrx_word' id='word_1_179' title='bbox 926 2852 1085 2916; x_wconf 84' lang='lat' dir='ltr'><strong>dexteram</strong></span> <span class='ocrx_word' id='word_1_180' title='bbox 1108 2853 1157 2916; x_wconf 93' lang='lat' dir='ltr'><strong>dei</strong></span> <span class='ocrx_word' id='word_1_181' title='bbox 1184 2855 1280 2937; x_wconf 84' lang='lat' dir='ltr'><strong>patris</strong></span> <span class='ocrx_word' id='word_1_182' title='bbox 1306 2856 1380 2916; x_wconf 80' lang='lat' dir='ltr'><strong>stuc</strong></span> 
     </span>
     <span class='ocr_line' id='line_1_23' title="bbox 256 2955 1380 3036; baseline -0.004 -16"><span class='ocrx_word' id='word_1_183' title='bbox 256 2957 453 3036; x_wconf 80' lang='lat' dir='ltr'><strong>memorauit,</strong></span> <span class='ocrx_word' id='word_1_184' title='bbox 477 2960 513 3020; x_wconf 86' lang='lat' dir='ltr'><strong>ut</strong></span> <span class='ocrx_word' id='word_1_185' title='bbox 536 2957 574 3020; x_wconf 88' lang='lat' dir='ltr'><strong>ad</strong></span> <span class='ocrx_word' id='word_1_186' title='bbox 594 2955 845 3020; x_wconf 82' lang='lat' dir='ltr'><strong>confundendam</strong></span> <span class='ocrx_word' id='word_1_187' title='bbox 860 2955 1046 3020; x_wconf 84' lang='lat' dir='ltr'><strong>Iudaeorum</strong></span> <span class='ocrx_word' id='word_1_188' title='bbox 1070 2957 1314 3021; x_wconf 88' lang='lat' dir='ltr'><strong>incredulitatem</strong></span> <span class='ocrx_word' id='word_1_189' title='bbox 1336 2955 1380 3018; x_wconf 89' lang='lat' dir='ltr'><strong>ille</strong></span> 
     </span>
     <span class='ocr_line' id='line_1_24' title="bbox 256 3059 1379 3145; baseline -0.004 -20"><span class='ocrx_word' id='word_1_190' title='bbox 256 3061 384 3144; x_wconf 81' lang='lat' dir='ltr'><strong>martyri</strong></span> <span class='ocrx_word' id='word_1_191' title='bbox 415 3061 632 3126; x_wconf 88' lang='lat' dir='ltr'><strong>ostenderetur</strong></span> <span class='ocrx_word' id='word_1_192' title='bbox 666 3062 697 3125; x_wconf 95' lang='lat' dir='ltr'><strong>in</strong></span> <span class='ocrx_word' id='word_1_193' title='bbox 728 3061 828 3141; x_wconf 86' lang='lat' dir='ltr'><strong>coelo,</strong></span> <span class='ocrx_word' id='word_1_194' title='bbox 867 3061 920 3142; x_wconf 90' lang='lat' dir='ltr'><strong>qui</strong></span> <span class='ocrx_word' id='word_1_195' title='bbox 951 3079 968 3124; x_wconf 86' lang='lat' dir='ltr'><strong>a</strong></span> <span class='ocrx_word' id='word_1_196' title='bbox 998 3059 1122 3143; x_wconf 90' lang='lat' dir='ltr'><strong>perfidis</strong></span> <span class='ocrx_word' id='word_1_197' title='bbox 1156 3061 1326 3145; x_wconf 80' lang='lat' dir='ltr'><strong>negebatur</strong></span> <span class='ocrx_word' id='word_1_198' title='bbox 1353 3059 1379 3121; x_wconf 95' lang='lat' dir='ltr'><strong>in</strong></span> 
     </span>
     <span class='ocr_line' id='line_1_25' title="bbox 257 3165 1379 3245; baseline -0.003 -17"><span class='ocrx_word' id='word_1_199' title='bbox 257 3165 382 3245; x_wconf 87' lang='lat' dir='ltr'><strong>mundo,</strong></span> <span class='ocrx_word' id='word_1_200' title='bbox 411 3170 442 3229; x_wconf 94' lang='lat' dir='ltr'><strong>et</strong></span> <span class='ocrx_word' id='word_1_201' title='bbox 468 3165 514 3230; x_wconf 94' lang='lat' dir='ltr'><strong>illi</strong></span> <span class='ocrx_word' id='word_1_202' title='bbox 542 3166 755 3230; x_wconf 89' lang='lat' dir='ltr'><strong>testimouium</strong></span> <span class='ocrx_word' id='word_1_203' title='bbox 782 3165 926 3230; x_wconf 83' lang='lat' dir='ltr'><strong>caelestis</strong></span> <span class='ocrx_word' id='word_1_204' title='bbox 954 3167 1069 3230; x_wconf 86' lang='lat' dir='ltr'><strong>ueritus</strong></span> <span class='ocrx_word' id='word_1_205' title='bbox 1097 3165 1194 3244; x_wconf 82' lang='lat' dir='ltr'><strong>duret,</strong></span> <span class='ocrx_word' id='word_1_206' title='bbox 1222 3167 1271 3230; x_wconf 89' lang='lat' dir='ltr'><strong>cui</strong></span> <span class='ocrx_word' id='word_1_207' title='bbox 1297 3165 1379 3228; x_wconf 90' lang='lat' dir='ltr'><strong>fidem</strong></span> 
     </span>
    </p>
   </div>
   <div class='ocr_carea' id='block_1_6' title="bbox 205 3267 1379 3484">
    <p class='ocr_par' dir='ltr' id='par_1_7' title="bbox 205 3267 1379 3484">
     <span class='ocr_line' id='line_1_26' title="bbox 205 3267 1379 3353; baseline -0.005 -19"><span class='ocrx_word' id='word_1_208' title='bbox 205 3295 230 3334; x_wconf 73' lang='lat' dir='ltr'><strong>ee</strong></span> <span class='ocrx_word' id='word_1_209' title='bbox 256 3273 379 3333; x_wconf 87' lang='lat' dir='ltr'><strong>terrene</strong></span> <span class='ocrx_word' id='word_1_210' title='bbox 409 3270 552 3353; x_wconf 80' lang='lat' dir='ltr'><strong>impietas</strong></span> <span class='ocrx_word' id='word_1_211' title='bbox 584 3270 761 3353; x_wconf 86' lang='lat' dir='ltr'><strong>derogaret,</strong></span> <span class='ocrx_word' id='word_1_212' title='bbox 792 3271 888 3350; x_wconf 89' lang='lat' dir='ltr'><strong>ande,</strong></span> <span class='ocrx_word' id='word_1_213' title='bbox 922 3270 994 3334; x_wconf 91' lang='lat' dir='ltr'><strong>licet</strong></span> <span class='ocrx_word' id='word_1_214' title='bbox 1023 3269 1108 3334; x_wconf 82' lang='lat' dir='ltr'><strong>iaxta</strong></span> <span class='ocrx_word' id='word_1_215' title='bbox 1136 3271 1306 3352; x_wconf 80' lang='lat' dir='ltr'><strong>psalmam,</strong></span> <span class='ocrx_word' id='word_1_216' title='bbox 1335 3267 1379 3348; x_wconf 90' lang='lat' dir='ltr'><strong>qui</strong></span> 
     </span>
     <span class='ocr_line' id='line_1_27' title="bbox 362 3415 574 3484; baseline -0.005 -14"><span class='ocrx_word' id='word_1_217' title='bbox 362 3415 406 3484; x_wconf 86' lang='lat' dir='ltr'><strong>lo]</strong></span> <span class='ocrx_word' id='word_1_218' title='bbox 424 3415 483 3469; x_wconf 83' lang='lat' dir='ltr'><strong>Aet.</strong></span> <span class='ocrx_word' id='word_1_219' title='bbox 497 3419 520 3480; x_wconf 82' lang='lat'><strong>7,</strong></span> <span class='ocrx_word' id='word_1_220' title='bbox 534 3417 574 3472; x_wconf 87' lang='grc'><strong>56.</strong></span> 
     </span>
    </p>
   </div>
   <div class='ocr_carea' id='block_1_7' title="bbox 256 3552 1383 3885">
    <p class='ocr_par' dir='ltr' id='par_1_8' title="bbox 256 3552 1383 3885">
     <span class='ocr_line' id='line_1_28' title="bbox 300 3552 1379 3626; baseline -0.005 -16"><span class='ocrx_word' id='word_1_221' title='bbox 300 3558 430 3623; x_wconf 86' lang='lat' dir='ltr'><strong>lposteo</strong></span> <span class='ocrx_word' id='word_1_222' title='bbox 456 3557 537 3626; x_wconf 67' lang='lat' dir='ltr'><strong>Aoo,</strong></span> <span class='ocrx_word' id='word_1_223' title='bbox 561 3554 643 3609; x_wconf 83' lang='lat' dir='ltr'><strong>iortet</strong></span> <span class='ocrx_word' id='word_1_224' title='bbox 660 3557 689 3610; x_wconf 90' lang='lat' dir='ltr'><em>D</em></span> <span class='ocrx_word' id='word_1_225' title='bbox 737 3555 874 3624; x_wconf 80' lang='lat' dir='ltr'><strong>fingentur</strong></span> <span class='ocrx_word' id='word_1_226' title='bbox 893 3557 921 3610; x_wconf 90' lang='lat' dir='ltr'><em>D</em></span> <span class='ocrx_word' id='word_1_227' title='bbox 982 3555 1059 3610; x_wconf 75' lang='lat' dir='ltr'><strong>atui</strong></span> <span class='ocrx_word' id='word_1_228' title='bbox 1083 3556 1112 3609; x_wconf 89' lang='lat' dir='ltr'><em>D</em></span> <span class='ocrx_word' id='word_1_229' title='bbox 1169 3555 1333 3609; x_wconf 80' lang='lat' dir='ltr'><strong>amministm</strong></span> <span class='ocrx_word' id='word_1_230' title='bbox 1353 3552 1379 3606; x_wconf 84' lang='lat' dir='ltr'><em>D</em></span> 
     </span>
     <span class='ocr_line' id='line_1_29' title="bbox 256 3627 1380 3712; baseline -0.005 -14"><span class='ocrx_word' id='word_1_231' title='bbox 256 3645 273 3698; x_wconf 91' lang='grc'>6</span> <span class='ocrx_word' id='word_1_232' title='bbox 292 3641 445 3696; x_wconf 88' lang='lat' dir='ltr'><strong>desermone</strong></span> <span class='ocrx_word' id='word_1_233' title='bbox 463 3641 492 3694; x_wconf 89' lang='lat' dir='ltr'><strong>in</strong></span> <span class='ocrx_word' id='word_1_234' title='bbox 511 3627 542 3696; x_wconf 76' lang='lat' dir='ltr'><strong>rso</strong></span> <span class='ocrx_word' id='word_1_235' title='bbox 560 3643 596 3698; x_wconf 67' lang='lat' dir='ltr'><strong>soi</strong></span> <span class='ocrx_word' id='word_1_236' title='bbox 615 3643 736 3712; x_wconf 77' lang='lat' dir='ltr'><strong>stephani</strong></span> <span class='ocrx_word' id='word_1_237' title='bbox 756 3643 797 3710; x_wconf 86' lang='lat' dir='ltr'><strong>D;</strong></span> <span class='ocrx_word' id='word_1_238' title='bbox 815 3649 901 3698; x_wconf 75' lang='lat' dir='ltr'><strong>crestal</strong></span> <span class='ocrx_word' id='word_1_239' title='bbox 919 3644 963 3697; x_wconf 79' lang='lat' dir='ltr'><strong>ieie</strong></span> <span class='ocrx_word' id='word_1_240' title='bbox 979 3660 1064 3696; x_wconf 65' lang='lat' dir='ltr'><strong>sonoro</strong></span> <span class='ocrx_word' id='word_1_241' title='bbox 1083 3643 1163 3696; x_wconf 69' lang='lat' dir='ltr'><strong>diam</strong></span> <span class='ocrx_word' id='word_1_242' title='bbox 1181 3643 1259 3712; x_wconf 77' lang='lat' dir='ltr'><strong>opud</strong></span> <span class='ocrx_word' id='word_1_243' title='bbox 1275 3641 1380 3696; x_wconf 75' lang='lat' dir='ltr'><strong>Maria.</strong></span> 
     </span>
     <span class='ocr_line' id='line_1_30' title="bbox 257 3725 1383 3799; baseline -0.004 -14"><span class='ocrx_word' id='word_1_244' title='bbox 257 3731 339 3785; x_wconf 81' lang='lat' dir='ltr'><strong>Taar.</strong></span> <span class='ocrx_word' id='word_1_245' title='bbox 350 3729 442 3783; x_wconf 82' lang='lat' dir='ltr'><strong><em>LVII</em></strong></span> <span class='ocrx_word' id='word_1_246' title='bbox 451 3733 502 3784; x_wconf 84' lang='lat'><strong>379</strong></span> <span class='ocrx_word' id='word_1_247' title='bbox 514 3731 554 3784; x_wconf 90' lang='lat' dir='ltr'><strong>M.</strong></span> <span class='ocrx_word' id='word_1_248' title='bbox 568 3737 593 3784; x_wconf 84' lang='lat' dir='ltr'><strong>et</strong></span> <span class='ocrx_word' id='word_1_249' title='bbox 604 3731 675 3784; x_wconf 78' lang='lat' dir='ltr'><strong>inter</strong></span> <span class='ocrx_word' id='word_1_250' title='bbox 686 3747 819 3786; x_wconf 69' lang='lat' dir='ltr'><strong>comanos</strong></span> <span class='ocrx_word' id='word_1_251' title='bbox 832 3731 982 3799; x_wconf 75' lang='lat' dir='ltr'><strong>Aayaslini</strong></span> <span class='ocrx_word' id='word_1_252' title='bbox 995 3729 1090 3784; x_wconf 79' lang='lat' dir='ltr'><strong>dubios</strong></span> <span class='ocrx_word' id='word_1_253' title='bbox 1103 3729 1181 3783; x_wconf 82' lang='lat' dir='ltr'><strong>OOX</strong></span> <span class='ocrx_word' id='word_1_254' title='bbox 1193 3731 1247 3796; x_wconf 86' lang='lat'><strong>(39,</strong></span> <span class='ocrx_word' id='word_1_255' title='bbox 1258 3731 1325 3784; x_wconf 82' lang='lat'><em>2138</em></span> <span class='ocrx_word' id='word_1_256' title='bbox 1336 3725 1383 3790; x_wconf 75' lang='lat' dir='ltr'><strong>M.)</strong></span> 
     </span>
     <span class='ocr_line' id='line_1_31' title="bbox 256 3809 1382 3885; baseline -0.005 -15"><span class='ocrx_word' id='word_1_257' title='bbox 256 3817 337 3872; x_wconf 79' lang='lat' dir='ltr'><strong>tuitio</strong></span> <span class='ocrx_word' id='word_1_258' title='bbox 346 3817 433 3885; x_wconf 79' lang='lat' dir='ltr'><strong>paulo</strong></span> <span class='ocrx_word' id='word_1_259' title='bbox 445 3817 565 3872; x_wconf 79' lang='lat' dir='ltr'><strong>auctiore</strong></span> <span class='ocrx_word' id='word_1_260' title='bbox 619 3819 697 3884; x_wconf 77' lang='lat' dir='ltr'><strong>ique</strong></span> <span class='ocrx_word' id='word_1_261' title='bbox 711 3817 739 3870; x_wconf 89' lang='lat' dir='ltr'><em>D</em></span> <span class='ocrx_word' id='word_1_262' title='bbox 791 3815 927 3870; x_wconf 84' lang='lat' dir='ltr'><strong>hodioeD</strong></span> <span class='ocrx_word' id='word_1_263' title='bbox 979 3815 1113 3884; x_wconf 78' lang='lat' dir='ltr'><strong>8speoiuc</strong></span> <span class='ocrx_word' id='word_1_264' title='bbox 1130 3816 1159 3870; x_wconf 90' lang='lat' dir='ltr'><em>D</em></span> <span class='ocrx_word' id='word_1_265' title='bbox 1214 3819 1246 3872; x_wconf 89' lang='grc'><strong>10</strong></span> <span class='ocrx_word' id='word_1_266' title='bbox 1257 3809 1382 3883; x_wconf 86' lang='lat' dir='ltr'><strong>inquidD</strong></span> 
     </span>
    </p>
   </div>
   <div class='ocr_carea' id='block_1_8' title="bbox 255 3893 1383 4110">
    <p class='ocr_par' dir='ltr' id='par_1_9' title="bbox 255 3893 1383 4110">
     <span class='ocr_line' id='line_1_32' title="bbox 255 3893 1383 3996; baseline -0.004 -14"><span class='ocrx_word' id='word_1_267' title='bbox 255 3927 324 3982; x_wconf 87' lang='lat' dir='ltr'><strong>celos</strong></span> <span class='ocrx_word' id='word_1_268' title='bbox 343 3929 373 3982; x_wconf 93' lang='lat' dir='ltr'><em>D</em></span> <span class='ocrx_word' id='word_1_269' title='bbox 432 3929 463 3982; x_wconf 97' lang='grc'>12</span> <span class='ocrx_word' id='word_1_270' title='bbox 482 3928 575 3980; x_wconf 84' lang='lat' dir='ltr'><strong>martir</strong></span> <span class='ocrx_word' id='word_1_271' title='bbox 593 3929 622 3982; x_wconf 90' lang='lat' dir='ltr'><em>D</em></span> <span class='ocrx_word' id='word_1_272' title='bbox 685 3931 717 3983; x_wconf 88' lang='lat'><strong>13</strong></span> <span class='ocrx_word' id='word_1_273' title='bbox 735 3927 848 3981; x_wconf 63' lang='lat' dir='ltr'><strong>derdere</strong></span> <span class='ocrx_word' id='word_1_274' title='bbox 867 3931 895 3982; x_wconf 88' lang='lat' dir='ltr'><em>D</em></span> <span class='ocrx_word' id='word_1_275' title='bbox 959 3931 989 3982; x_wconf 85' lang='lat'><strong>14</strong></span> <span class='ocrx_word' id='word_1_276' title='bbox 1008 3893 1098 3996; x_wconf 64' lang='lat' dir='ltr'><strong>nutius</strong></span> <span class='ocrx_word' id='word_1_277' title='bbox 1117 3929 1147 3982; x_wconf 88' lang='lat' dir='ltr'><strong><em>D</em></strong></span> <span class='ocrx_word' id='word_1_278' title='bbox 1211 3930 1238 3982; x_wconf 79' lang='lat' dir='ltr'><strong>ct</strong></span> <span class='ocrx_word' id='word_1_279' title='bbox 1254 3929 1328 3982; x_wconf 54' lang='lat' dir='ltr'><strong>aare</strong></span> <span class='ocrx_word' id='word_1_280' title='bbox 1345 3926 1383 3978; x_wconf 82' lang='lat' dir='ltr'><strong>iu-</strong></span> 
     </span>
     <span class='ocr_line' id='line_1_33' title="bbox 255 4005 1382 4110; baseline -0.006 -14"><span class='ocrx_word' id='word_1_281' title='bbox 255 4041 503 4109; x_wconf 78' lang='lat' dir='ltr'><strong>cluei,decetapad</strong></span> <span class='ocrx_word' id='word_1_282' title='bbox 517 4041 592 4095; x_wconf 75' lang='lat' dir='ltr'><strong>Mun.</strong></span> <span class='ocrx_word' id='word_1_283' title='bbox 610 4043 688 4096; x_wconf 83' lang='lat' dir='ltr'><strong>Tuar.</strong></span> <span class='ocrx_word' id='word_1_284' title='bbox 703 4043 810 4110; x_wconf 67' lang='lat' dir='ltr'><strong>eldaa.</strong></span> <span class='ocrx_word' id='word_1_285' title='bbox 867 4043 898 4096; x_wconf 83' lang='lat'><strong>15</strong></span> <span class='ocrx_word' id='word_1_286' title='bbox 918 4040 970 4094; x_wconf 73' lang='lat' dir='ltr'><strong>dim</strong></span> <span class='ocrx_word' id='word_1_287' title='bbox 988 4059 1020 4096; x_wconf 80' lang='lat' dir='ltr'><strong>ex</strong></span> <span class='ocrx_word' id='word_1_288' title='bbox 1039 4037 1104 4094; x_wconf 68' lang='lat' dir='ltr'><strong>dnm</strong></span> <span class='ocrx_word' id='word_1_289' title='bbox 1122 4041 1151 4094; x_wconf 94' lang='lat' dir='ltr'><em>D</em></span> <span class='ocrx_word' id='word_1_290' title='bbox 1206 4044 1237 4096; x_wconf 84' lang='grc'><strong>16</strong></span> <span class='ocrx_word' id='word_1_291' title='bbox 1255 4005 1382 4110; x_wconf 66' lang='grc'>[1111111511</span> 
     </span>
    </p>
   </div>
   <div class='ocr_carea' id='block_1_9' title="bbox 255 4119 1383 4396">
    <p class='ocr_par' dir='ltr' id='par_1_10' title="bbox 255 4119 1383 4396">
     <span class='ocr_line' id='line_1_34' title="bbox 255 4119 1383 4223; baseline -0.004 -15"><span class='ocrx_word' id='word_1_292' title='bbox 255 4119 371 4208; x_wconf 57' lang='grc' dir='ltr'>1211οωῦ</span> <span class='ocrx_word' id='word_1_293' title='bbox 425 4154 456 4208; x_wconf 83' lang='grc'><strong>18</strong></span> <span class='ocrx_word' id='word_1_294' title='bbox 475 4152 585 4205; x_wconf 81' lang='lat' dir='ltr'><strong>iadeorri</strong></span> <span class='ocrx_word' id='word_1_295' title='bbox 603 4153 632 4206; x_wconf 85' lang='lat' dir='ltr'><em>D</em></span> <span class='ocrx_word' id='word_1_296' title='bbox 689 4155 722 4207; x_wconf 87' lang='grc'>20</span> <span class='ocrx_word' id='word_1_297' title='bbox 741 4153 889 4207; x_wconf 82' lang='lat' dir='ltr'><strong>dicaeretnr</strong></span> <span class='ocrx_word' id='word_1_298' title='bbox 907 4155 936 4208; x_wconf 91' lang='lat' dir='ltr'><em>D</em></span> <span class='ocrx_word' id='word_1_299' title='bbox 987 4151 1077 4223; x_wconf 86' lang='lat' dir='ltr'><strong>pulcre</strong></span> <span class='ocrx_word' id='word_1_300' title='bbox 1095 4154 1125 4208; x_wconf 91' lang='lat' dir='ltr'><em>D</em></span> <span class='ocrx_word' id='word_1_301' title='bbox 1180 4157 1211 4210; x_wconf 87' lang='grc'>21</span> <span class='ocrx_word' id='word_1_302' title='bbox 1232 4151 1383 4206; x_wconf 65' lang='lat' dir='ltr'><strong>derderil)</strong></span> 
     </span>
     <span class='ocr_line' id='line_1_35' title="bbox 256 4237 1382 4310; baseline -0.007 -14"><span class='ocrx_word' id='word_1_303' title='bbox 256 4243 289 4296; x_wconf 89' lang='grc'><strong>22</strong></span> <span class='ocrx_word' id='word_1_304' title='bbox 314 4239 425 4294; x_wconf 81' lang='lat' dir='ltr'><strong>iudeorui</strong></span> <span class='ocrx_word' id='word_1_305' title='bbox 443 4239 472 4294; x_wconf 92' lang='lat' dir='ltr'><em>D</em></span> <span class='ocrx_word' id='word_1_306' title='bbox 536 4238 581 4292; x_wconf 88' lang='lat' dir='ltr'><strong>ille</strong></span> <span class='ocrx_word' id='word_1_307' title='bbox 599 4257 736 4308; x_wconf 70' lang='lat' dir='ltr'><strong>capraea.</strong></span> <span class='ocrx_word' id='word_1_308' title='bbox 756 4241 792 4308; x_wconf 91' lang='lat' dir='ltr'><strong>D,</strong></span> <span class='ocrx_word' id='word_1_309' title='bbox 811 4237 850 4293; x_wconf 93' lang='lat' dir='ltr'><strong>illi</strong></span> <span class='ocrx_word' id='word_1_310' title='bbox 869 4243 945 4295; x_wconf 75' lang='lat' dir='ltr'><strong>Mac.</strong></span> <span class='ocrx_word' id='word_1_311' title='bbox 1008 4241 1041 4294; x_wconf 83' lang='grc'>24</span> <span class='ocrx_word' id='word_1_312' title='bbox 1060 4239 1189 4310; x_wconf 66' lang='lat' dir='ltr'><strong>coelestiis</strong></span> <span class='ocrx_word' id='word_1_313' title='bbox 1207 4241 1236 4295; x_wconf 94' lang='lat' dir='ltr'><em>D</em></span> <span class='ocrx_word' id='word_1_314' title='bbox 1286 4242 1317 4294; x_wconf 80' lang='grc'>25</span> <span class='ocrx_word' id='word_1_315' title='bbox 1335 4241 1382 4290; x_wconf 84' lang='lat' dir='ltr'><strong>ter-</strong></span> 
     </span>
     <span class='ocr_line' id='line_1_36' title="bbox 256 4328 681 4396; baseline -0.005 -14"><span class='ocrx_word' id='word_1_316' title='bbox 256 4345 335 4382; x_wconf 83' lang='lat' dir='ltr'><strong>roena</strong></span> <span class='ocrx_word' id='word_1_317' title='bbox 352 4330 381 4385; x_wconf 88' lang='lat' dir='ltr'><em>D</em></span> <span class='ocrx_word' id='word_1_318' title='bbox 446 4328 586 4396; x_wconf 77' lang='lat' dir='ltr'><strong>derogarat</strong></span> <span class='ocrx_word' id='word_1_319' title='bbox 605 4329 681 4382; x_wconf 75' lang='lat' dir='ltr'><strong>Mac.</strong></span> 
     </span>
    </p>
   </div>
   <div class='ocr_carea' id='block_1_10' title="bbox 0 0 1470 4924">
    <p class='ocr_par' dir='ltr' id='par_1_11' title="bbox 0 0 1470 4924">
     <span class='ocr_line' id='line_1_37' title="bbox 0 0 1470 4924; baseline 0 0"><span class='ocrx_word' id='word_1_320' title='bbox 0 0 1470 4924; x_wconf 95' lang='lat' dir='ltr'><strong> </strong></span> 
     </span>
    </p>
   </div>
  </div>
 </body>
</html>
