2886 4928
241 403 303 470 150
619 405 655 458 ΙΙ.
675 405 719 458 Do
737 405 858 474 spiritu
877 409 990 460 sancto

241 585 383 644 sanctum
414 582 562 644 creaturis
595 581 740 644 aestimet
769 581 960 645 sociandum.
1015 585 1101 645 extra
1134 583 1294 646 seruitutis
1328 587 1371 645 est

240 685 458 764 conditionem,
493 685 545 766 qui
576 689 736 748 aeternam
770 689 872 769 potest
906 685 1040 750 tribuere
1073 684 1260 751 libertatem.
1305 705 1370 750 non

241 789 354 870 enim,
388 789 490 870 inquit
523 789 692 872 apostolus,
731 789 933 873 accepistis
968 791 1142 873 spiritum
1177 791 1370 855 seruitutis

241 895 376 958 iterum
406 893 443 957 in
474 894 620 973 timore,
652 894 715 958 sod
743 895 944 976 accepistis
968 894 1142 978 spiritum
1166 895 1370 978 adoptionis

201 1027 214 1064 s
242 997 408 1061 liliorum
440 1000 475 1061 et
504 997 584 1081 ipse
615 997 770 1079 spiritus
799 998 1057 1063 testimonium
1080 999 1203 1064 reddit
1226 998 1371 1083 spiritui

241 1105 382 1181 nostro,
414 1102 508 1184 quod
532 1121 657 1166 sumus
680 1103 755 1166 filii
785 1103 850 1166 dei.
897 1102 1112 1168 indubitanter
1138 1103 1296 1184 deusest,
1323 1102 1371 1185 qui

240 1225 295 1289 per
318 1205 492 1270 abremissa
512 1210 709 1288 peccatorum
733 1207 782 1270 dei
805 1206 885 1271 filios
908 1207 992 1272 facit.

284 1308 472 1374 Uniuersam
495 1313 668 1374 creaturam
693 1311 789 1375 etiarn
812 1312 994 1395 angelorum
1010 1315 1103 1393 atque
1120 1312 1371 1396 archangelorum

241 1418 369 1497 peccato
392 1417 515 1478 constat
537 1414 634 1478 fuisse
657 1415 832 1496 obnoxiam,
856 1434 987 1498 quorum
1007 1420 1113 1481 tamen
1129 1417 1160 1480 iu
1176 1417 1269 1481 deum
1286 1416 1373 1480 oboc-

192 1546 216 1585 ro
242 1517 401 1598 diocliam,
433 1518 683 1598 sollicitudinem,
714 1519 876 1584 caritatem
904 1524 1170 1603 transgressorum
1193 1523 1284 1585 ruina
1305 1521 1373 1584 fun·

242 1623 338 1686 dauit.
373 1623 567 1704 humilitatis
584 1623 796 1704 subiectionis,
813 1623 994 1689 stabilitatis
1010 1625 1093 1690 facta
1108 1629 1157 1690 ost
1172 1625 1373 1704 confirmatio,

242 1727 420 1812 fragilitatis
451 1729 576 1812 agnitio.
612 1728 740 1812 spiritus
764 1733 899 1810 sanctus,
930 1729 990 1793 nisi
1019 1748 1093 1818 prae
1123 1729 1269 1794 omnibus
1298 1729 1374 1794 liber

243 1837 335 1913 esset,
366 1833 404 1896 de
434 1833 533 1896 seruis
563 1832 677 1897 liberos
706 1833 808 1897 facore
838 1851 900 1898 non
930 1839 1044 1917 posset.
1091 1853 1164 1898 nam
1188 1835 1214 1898 si
1238 1837 1376 1898 creatura

243 1941 335 2018 esset,
359 1936 532 2020 quamlibet
550 1938 582 2002 in
602 1957 674 2002 eum
695 1938 752 2002 deo
772 1938 949 2002 conferente
972 1938 1105 2022 gratiam
1130 1939 1306 2004 sanctitatis
1330 1958 1375 2002 rc-

192 2069 217 2108 15
246 2043 412 2106 mansisset
438 2045 544 2106 tamon
574 2042 764 2106 conscientia
794 2041 951 2108 debitoris.
998 2047 1030 2106 ot
1058 2043 1126 2108 ideo
1153 2043 1242 2107 dicit:
1274 2059 1375 2107 nemo

236 2150 370 2230 potest
399 2146 535 2210 donaro
564 2151 719 2229 peccata
748 2147 822 2211 nisi
845 2148 946 2212 solus
970 2147 1068 2211 deus.
1115 2148 1303 2230 quicumque
1326 2147 1376 2212 illc

244 2255 301 2332 ost,
336 2251 432 2334 eligat
465 2254 570 2316 utrum
601 2252 691 2315 uelit:
727 2255 781 2316 aut
813 2251 957 2335 spiritum
991 2255 1136 2316 sanctum
1169 2255 1297 2336 peccata
1326 2252 1377 2315 do·

244 2359 373 2419 nantem
403 2354 587 2420 confiteatur
616 2374 671 2438 per
700 2357 805 2420 omnia
835 2355 929 2421 deum
955 2360 1019 2436 aut,
1051 2357 1154 2440 siper
1177 2375 1249 2420 oum
1273 2355 1377 2420 donari

244 2478 337 2543 possa
360 2476 422 2523 non
445 2459 542 2523 credit
563 2460 689 2524 ueniam
712 2463 921 2544 peccatorum,
952 2461 1118 2526 euacuauit
1140 2461 1171 2524 in
1195 2479 1229 2524 se
1252 2479 1378 2544 regone-

192 2589 218 2629 ιο
246 2563 374 2628 rationis
397 2562 582 2628 beneficium
606 2567 637 2628 et
659 2563 809 2648 baptismi
833 2568 1074 2629 sacramentum.
1117 2565 1166 2628 dei
1189 2583 1263 2649 ergo
1286 2563 1379 2629 solius

245 2671 293 2732 est
315 2667 476 2732 absoluere
499 2667 622 2749 innexa,
652 2668 864 2753 redintegrare
886 2673 1041 2752 corrupta,
1070 2669 1191 2752 expiare
1214 2669 1377 2733 maculata.

246 2777 278 2838 et
307 2773 376 2836 ideo
399 2772 438 2836 ad
461 2790 533 2836 eum
556 2772 672 2836 conscii
696 2776 820 2856 nostrae
844 2771 1033 2838 infirmitatis
1057 2776 1089 2837 et
1111 2791 1185 2838 suae
1208 2773 1379 2838 maiestatis

245 2896 316 2941 cnm
346 2877 465 2962 gemitu
499 2877 743 2960 proclamamus:
775 2877 847 2942 tibi
877 2878 948 2942 soli
976 2878 1146 2961 peccaui,
1176 2877 1207 2941 id
1237 2881 1296 2957 est,
1330 2875 1379 2957 qui

247 2983 331 3047 solus
354 3000 417 3047 non
439 2983 554 3046 tenoris
577 2982 646 3066 lege
669 2982 798 3065 peccati,
822 2983 874 3064 qui
897 2983 981 3048 solus
1005 2980 1044 3046 ab
1068 3001 1105 3046 ea
1127 2999 1189 3046 non
1211 2981 1380 3057 actualiter,

194 3109 218 3150 aa
247 3087 302 3151 scd
333 3087 517 3152 naturaliter
546 3087 666 3152 alienus
698 3107 730 3152 es
761 3091 793 3152 et
822 3087 890 3152 ideo
922 3087 1006 3153 solus
1037 3086 1199 3152 absoluere
1227 3085 1380 3150 debitores

246 3194 346 3274 potes,
377 3191 430 3273 qui
453 3209 472 3255 a
494 3190 607 3256 debitis
640 3192 726 3256 solus
755 3191 893 3256 inmunis
924 3210 968 3272 es,
999 3192 1051 3273 qni
1081 3191 1162 3273 quod
1192 3190 1290 3255 habos
1323 3208 1380 3254 uon

247 3296 371 3360 aliunde
401 3299 563 3360 mutuatus
594 3315 637 3376 es,
669 3297 723 3360 sed
746 3297 783 3360 do
807 3300 860 3360 tuo
882 3295 993 3378 plenus
1017 3313 1059 3360 es.
1106 3296 1275 3360 nonenim
1303 3295 1382 3378 prior

247 3399 412 3482 quisquam
443 3399 528 3464 dedit
558 3399 616 3464 tibi
647 3419 705 3465 uec
733 3400 856 3464 aliunde
883 3399 1031 3464 deriuatio
1054 3399 1223 3464 uirtutibus
1246 3397 1382 3482 irrigaris

247 3523 304 3570 noc
328 3523 363 3568 ex
387 3504 447 3569 alio
470 3504 574 3587 aliquo
596 3505 628 3570 in
651 3509 683 3569 ta
705 3505 790 3569 facta
811 3504 981 3570 transfusio
1005 3509 1063 3584 ost,
1091 3504 1145 3568 sod
1167 3505 1235 3586 ipse
1258 3503 1329 3568 ions
1351 3519 1383 3566 os

350 3694 379 3763 2]
397 3693 564 3760 Romala.
621 3693 664 3764 15]
683 3693 764 3748 Marc.
778 3697 801 3758 2,
816 3697 844 3758 r;
862 3693 926 3750 Luc.
940 3697 964 3760 5,
978 3695 1019 3750 21.
1072 3693 1118 3763 23]
1136 3691 1235 3749 Psalm.
1249 3696 1293 3758 50,
1307 3697 1331 3750 6.

292 3868 432 3924 lestimet
450 3869 510 3937 PR,
529 3869 696 3924 existimato
759 3867 887 3936 3iuquid
905 3869 932 3924 R
997 3867 1248 3924 tremissionomc
1319 3867 1384 3922 filios

248 3956 290 4010 dei
309 3975 324 4012 o
385 3955 561 4012 aobnoxium
580 3957 607 4011 P
667 3954 846 4026 oquiantiam
865 3955 893 4011 R
950 3957 979 4010 ll
1000 3955 1173 4010 humilitaso
1230 3957 1262 4010 12
1281 3955 1325 4010 scs
1342 3956 1384 4021 1²¹,

248 4042 347 4110 fch2,
367 4043 491 4098 sanctiR
545 4045 577 4098 14
595 4042 624 4096 in
642 4058 701 4096 eum
722 4041 770 4094 deo
782 4043 890 4111 scripsi,
908 4041 936 4094 in
954 4057 984 4095 ec
997 4042 1050 4096 PR
1101 4041 1217 4109 gratiam
1231 4060 1253 4108 o,
1272 4039 1385 4112 &reru

248 4159 280 4211 21
301 4123 376 4209 in⁰exa
394 4157 422 4209 P
472 4157 505 4210 22
525 4155 621 4208 conscii
640 4155 667 4210 R
684 4155 810 4220 (alteram
829 4155 836 4207 i
855 4156 886 4208 iu
903 4156 1023 4223 rasura),
1041 4155 1145 4208 conscio
1158 4155 1187 4208 P
1236 4157 1270 4210 23
1290 4155 1319 4208 id
1337 4153 1384 4222 cst]

249 4241 355 4320 domins
383 4243 410 4296 P
477 4243 511 4296 26
537 4243 574 4310 esil
600 4241 627 4296 R
653 4243 721 4308 (erat
748 4245 760 4294 t
786 4243 817 4296 ia
843 4244 953 4308 rasura)
1023 4241 1068 4312 qui
1096 4241 1179 4320 qqod]
1207 4241 1336 4314 quicquid
1363 4239 1386 4296 R

250 4357 284 4418 aa
303 4321 429 4414 clausas
448 4355 482 4426 r,
501 4353 668 4414 ausaausa
720 4357 754 4413 aa
773 4354 809 4424 eq
826 4355 861 4424 a,
876 4353 894 4408 a
912 4355 939 4412 P
