2944 4936
224 1071 404 1158 Fausti
434 1073 652 1160 Episcopi
682 1073 741 1157 DE
773 1073 980 1158 RATIONE
1012 1073 1156 1159 ulum.

677 1274 723 1367 L.

164 1463 237 1534 Quid
249 1466 476 1540 respondendum
488 1465 600 1535 aethio,
613 1464 662 1538 qui
674 1464 803 1540 legentes
816 1465 846 1522 in
859 1464 1008 1539 euangelio
1020 1465 1060 1522 ita
1072 1464 1258 1540 intellegunt:
1362 1509 1365 1520 .

115 1571 220 1644 patei·
239 1570 346 1630 maior
364 1587 413 1630 me
432 1573 499 1641 est,
526 1564 586 1650 (ut)
608 1568 697 1628 tilium
721 1569 753 1628 iu
772 1569 924 1628 diuinitate
943 1569 1080 1628 minorem
1100 1586 1163 1628 esse
1181 1570 1259 1628 blas·

115 1674 275 1749 phemont?

163 1784 322 1853 Responsio.

162 1885 320 1943 Secundum
336 1884 535 1944 anctoritatem
550 1883 675 1944 omnium
691 1885 896 1958 seripturarum
913 1887 984 1943 duae
1004 1887 1073 1943 sunt
1088 1885 1258 1944 natiuitatos

115 1988 150 2047 in
162 1989 284 2061 Christo,
301 2007 360 2048 una
371 2006 404 2050 ex
416 1992 498 2065 patre
509 1989 625 2048 initium
640 1990 783 2060 nescisne,
800 1989 867 2064 quia
878 1989 1012 2064 legimus:
1029 1990 1064 2048 in
1079 1990 1257 2065 principio

115 2097 195 2152 erat
209 2097 349 2154 uerbum
365 2098 398 2153 et
412 2098 552 2154 uerbum
568 2097 643 2153 erat
658 2095 746 2169 apud
762 2095 856 2153 deum
873 2097 906 2152 et
920 2096 1001 2153 deus
1017 2097 1091 2152 erat
1106 2097 1256 2166 uerbum,

115 2199 148 2256 et
161 2199 210 2272 qui
226 2198 258 2257 in
273 2199 413 2274 principio
428 2203 500 2270 erat,
516 2199 595 2257 intra
609 2215 640 2257 se
656 2199 798 2259 concludit
813 2215 896 2257 omne
911 2198 1092 2272 principium.
1120 2215 1154 2257 ex
1166 2201 1257 2257 matre
1285 2221 1308 2258 m

115 2318 185 2362 uero
200 2302 315 2362 initium
331 2303 464 2379 sumpsit,
481 2303 556 2362 sieut
567 2303 688 2378 legimus
703 2321 753 2378 per
765 2302 892 2362 Esaiam:
909 2319 985 2362 eoae
997 2303 1094 2378 uirgo
1109 2302 1144 2362 in
1161 2305 1257 2365 utero

114 2407 268 2482 accipiet
287 2411 320 2467 et
339 2408 453 2484 pariet
472 2407 586 2466 filium
607 2411 640 2467 et
655 2411 829 2467 necabunt
848 2425 970 2467 nomen
990 2407 1065 2468 eius
1080 2407 1255 2479 Emanuel,

113 2513 201 2586 quod
214 2511 563 2588 estinterpratatnm:
581 2512 867 2584 nobiseumdeus,
886 2513 914 2571 id
927 2515 971 2571 est
983 2513 1077 2572 latens
1089 2513 1120 2571 in
1132 2513 1257 2572 humana

114 2615 274 2690 fragilitate
289 2616 435 2689 maiestas,
457 2618 532 2677 siout
547 2617 578 2676 in
593 2619 701 2678 Ioanne
717 2617 898 2693 euangelista
912 2617 1047 2692 legimus:
1068 2621 1102 2676 et
1116 2621 1255 2676 uerbum

114 2738 194 2780 earo
209 2720 337 2780 fautum
353 2725 407 2780 est
422 2725 455 2781 et
469 2721 646 2782 habitauit
662 2722 696 2781 iu
712 2722 826 2781 nobis:
843 2721 873 2780 iu
886 2721 978 2793 uobis,
995 2721 1022 2780 id
1036 2723 1080 2781 est
1095 2721 1127 2780 in
1143 2720 1253 2796 tragili-
1283 2743 1306 2783 aa

113 2827 176 2884 tate
191 2825 316 2901 emporis
333 2826 435 2886 nostri.

219 2959 248 3029 4]
267 2959 359 3015 Ioaun.
375 2963 415 3026 14,
429 2962 470 3018 28.
507 2959 534 3030 8]
553 2959 645 3014 Ioann.
661 2961 683 3025 1,
698 2962 720 3016 1.
758 2959 802 3028 ll]
822 2959 902 3023 Eat,
918 2960 957 3014 14.
995 2959 1051 3050 Ὶ14]
1069 2958 1160 3014 Ioann.
1176 2961 1252 3024 1,14.

162 3103 174 3156 1
195 3099 227 3154 os.
243 3100 360 3156 Gennad.
376 3101 408 3156 de
426 3101 476 3155 uir.
489 3099 527 3154 ill.
541 3117 563 3156 e.
577 3103 622 3158 86:
641 3100 694 3169 legi
714 3100 770 3154 eius
788 3103 815 3154 et
833 3099 960 3154 aduersus
978 3099 1104 3154 Arrianus
1123 3103 1150 3154 et
1167 3100 1253 3154 Maee-

115 3186 245 3241 doulanos
272 3204 385 3258 paruum
412 3187 541 3252 libellum,
569 3188 597 3241 in
624 3204 676 3256 quo
703 3187 902 3241 coessentialem
929 3185 1066 3256 praedicat
1092 3187 1253 3250 trinitatem

109 3276 206 3344 prima
228 3277 403 3346 ianrropaeio
426 3275 459 3331 lie
481 3276 579 3330 deitate
599 3276 653 3344 filii
675 3275 718 3329 ao·
736 3275 774 3329 ad
792 3275 976 3329 Aarianorum
997 3275 1176 3343 blasphemias
1190 3293 1252 3344 per-

113 3362 194 3428 tinet·
216 3363 438 3433 interropatioaea
461 3363 602 3417 11-1111
620 3362 652 3417 de
674 3368 777 3417 notura
798 3367 823 3417 ct
845 3362 942 3416 deitate
964 3361 1079 3430 spiritus
1105 3363 1193 3417 annoti
1216 3363 1254 3416 od

114 3449 378 3506 Maeedoadoaoram
400 3467 502 3505 errores
523 3455 653 3519 mactant.
682 3477 713 3487 -
742 3449 861 3504 Exstant
884 3450 915 3502 io
933 3447 1027 3502 Pitane
1048 3449 1185 3516 anecdota,
1209 3452 1253 3505 cut

114 3537 274 3592 inscribitur
297 3537 381 3592 Liber
407 3538 620 3593 testimoniorum
646 3537 790 3603 (Anniana
815 3553 896 3591 saera
923 3541 946 3589 et
974 3536 1087 3591 classico
1113 3537 1251 3606 apimlepio

114 3623 277 3679 Soteammse'
285 3630 396 3694 parata,
415 3623 506 3680 Paria.
520 3627 597 3690 1888,
612 3640 641 3693 p.
654 3627 706 3677 147
717 3623 784 3693 sqq.)
802 3629 827 3678 et
845 3624 875 3677 ia
887 3623 1034 3679 Breaiario
1045 3623 1110 3692 fidei
1121 3623 1253 3679 adseram

114 3711 252 3766 Arrianus
269 3711 424 3777 (Sia-maadi
442 3728 524 3780 opera
541 3711 631 3776 uaria,
653 3711 770 3766 Venetiia
788 3713 864 3778 1728,
883 3710 969 3765 1223
980 3709 1047 3780 sqq.)
1069 3711 1173 3780 aliquot
1192 3711 1251 3778 loci,

113 3799 162 3867 qui
181 3815 240 3852 euna
258 3799 348 3856 uerbis
365 3799 447 3853 tuias
464 3803 596 3854 tractatus
614 3798 763 3852 Fausta'aai
781 3803 941 3867 caumas,
959 3813 1042 3866 quare
1060 3811 1104 3853 eos
1125 3798 1169 3852 leia
1186 3799 1251 3866 affe-

113 3885 211 3940 rendos
229 3885 357 3940 dammae
410 3884 514 3954 Fausti]
533 3885 609 3954 Regii
628 3883 730 3940 Galliae
748 3884 828 3940 addit
846 3885 873 3937 P
923 3882 998 3954 fidei]
1017 3887 1045 3936 et
1062 3882 1163 3952 aliquot
1180 3881 1250 3937 loco·

112 3987 174 4025 rum
197 3971 266 4025 iuter
289 3987 315 4024 se
339 3970 445 4025 collatio
467 3973 546 4026 addit
570 3973 598 4038 8,
625 3971 659 4026 ad
682 3970 785 4026 obieeta
811 3968 940 4040 quaedam
968 3969 1102 4040 responsio
1125 3971 1203 4024 addit
1226 3972 1253 4024 Ρ

112 4062 130 4115 3
148 4059 187 4112 ite
205 4057 366 4126 intellegunt
379 4065 443 4128 post
461 4058 545 4112 maior
563 4075 605 4113 me
623 4063 664 4113 est
682 4060 836 4128 trampoait
855 4059 882 4112 P
961 4059 978 4112 4
997 4061 1027 4112 ut
1044 4057 1151 4125 addidi,
1172 4059 1250 4112 omit-

112 4153 173 4200 tunt
192 4147 248 4214 PS,
275 4145 401 4214 eoquod
420 4145 574 4200 addendam
591 4153 616 4200 et
633 4145 820 4216 blasphemant
836 4145 1027 4202 retinendam?
1054 4144 1098 4211 (de
1120 4145 1157 4198 ita
1179 4143 1249 4212 quod

111 4237 147 4302 cf.
165 4234 259 4300 inda)
328 4231 515 4302 blasphement
536 4235 642 4303 saepae,
664 4231 852 4301 blasphemant
873 4233 924 4290 Ps
996 4235 1012 4288 8
1035 4249 1103 4302 quae
1125 4233 1250 4302 lepamtm

113 4321 177 4374 inde
194 4337 212 4373 α
230 4321 318 4374 nerbas
336 4319 363 4372 iu
382 4319 512 4388 principio
524 4337 607 4390 aspice
620 4321 656 4374 ad
666 4337 729 4390 pap.
744 4325 803 4387 457,
817 4323 852 4375 12
870 4319 994 4381 dominus
1013 4317 1077 4373 dous
1095 4325 1201 4375 exstant
1219 4321 1249 4377 tn

111 4407 264 4478 Aupaata‘ai
281 4408 412 4467 samonio
429 4408 520 4482 spurii
536 4411 589 4466 234
602 4409 697 4476 priore
712 4413 793 4476 parte
