2924 4924
540 427 605 482 1111.
625 429 734 481 Sermo
752 431 794 484 20.
1173 428 1233 492 301

92 609 282 689 acceperunt
301 609 356 670 eut
370 605 451 668 filios
474 607 726 688 procreeuemnt
750 604 810 668 nisi
831 603 918 683 heec,
942 619 1037 684 quare
1060 602 1238 667 factasunt

92 715 148 776 aut
164 709 240 792 quid
256 729 305 774 res
322 711 401 774 istac
422 708 648 793 figurauerunt,
670 707 802 790 spiritali
818 725 914 772 sensu
929 707 1129 790 perspexerit.
1165 725 1236 772 ecce

91 815 283 895 audiuimus,
319 814 401 897 quod
435 813 547 878 beatus
578 812 670 876 Iacob
706 812 849 896 genuerit
882 811 982 876 filium
1014 815 1047 876 ct
1079 811 1238 876 uocauerit

91 937 207 985 nomen
233 919 299 983 eius
322 918 435 1001 loseph
459 920 491 982 et
514 936 585 981 eum
608 917 679 998 plus
703 934 797 998 quem
820 916 956 998 reliquos
979 915 1061 980 filios
1085 915 1235 980 dilexerit.

90 1025 152 1088 hoc
174 1025 242 1088 loco
264 1024 376 1088 beatus
400 1021 493 1087 Iacob
517 1021 651 1106 liginum
673 1021 785 1086 hebuit
807 1021 855 1084 dei
878 1021 986 1104 petris,
1010 1025 1137 1084 sanctus
1161 1038 1237 1103 quo·
1275 1047 1288 1086 ⁵

90 1147 154 1211 quc
185 1127 299 1211 loseph
329 1131 440 1210 typum
471 1127 589 1191 domini
619 1125 719 1210 gessit
750 1126 926 1190 saluatoris.
965 1125 1114 1210 diligebat
1143 1125 1235 1190 Ieoob

90 1233 194 1296 tilium
217 1251 309 1296 snum
333 1236 365 1296 et
388 1231 464 1295 deus
491 1235 580 1314 puter
607 1230 715 1295 dilexit
736 1231 864 1294 unicum
888 1248 990 1294 sunm.
1029 1229 1122 1295 lecob
1151 1230 1237 1294 misit

90 1336 193 1400 lilium
224 1355 327 1416 snum,
358 1338 394 1400 ut
423 1337 461 1400 de
491 1333 640 1399 frutribus
671 1335 737 1400 suis
768 1334 1010 1399 sollicitudinem
1040 1337 1171 1418 gereret,
1207 1338 1238 1398 et

90 1441 170 1506 deus
192 1443 282 1523 puter
306 1440 393 1503 misit
414 1439 514 1504 filium
537 1457 629 1503 suum
652 1439 859 1522 unigenitum,
883 1441 918 1502 ut
939 1457 1039 1522 genus
1062 1439 1235 1502 humanum

89 1545 228 1628 peccetis
256 1544 440 1627 languidum
468 1544 621 1608 uisiterct.
655 1543 779 1625 Ioseph,
807 1527 895 1607 dum¹
909 1543 1021 1606 fratres
1046 1560 1118 1607 suos
1142 1561 1237 1624 quee-
1264 1569 1289 1608 1⁰

89 1652 186 1728 reret,
215 1648 339 1712 errabat
365 1649 398 1712 in
426 1645 529 1712 er'emo
553 1651 585 1712 et
607 1666 706 1732 genus
730 1647 872 1712 Christus
899 1647 1074 1711 humanum
1100 1647 1237 1728 require-

90 1753 156 1834 bat,
182 1752 264 1835 quod
288 1751 413 1816 errabat
431 1753 465 1816 in
485 1751 612 1833 mundo,
636 1770 696 1834 quo
716 1752 748 1816 in
769 1751 886 1815 mundo
906 1752 994 1833 quasi
1014 1754 1046 1815 et
1066 1751 1133 1834 ipse
1153 1769 1237 1815 erra·

88 1857 157 1938 bat,
189 1857 263 1940 quia
294 1860 433 1920 errantes
461 1855 641 1939 quaerebat.
680 1857 795 1940 Ioseph
822 1856 936 1920 fratres
964 1873 1037 1920 suos
1065 1855 1236 1937 quaerebat

89 1963 123 2026 in
144 1960 301 2026 Sichimis.
325 1960 463 2026 Sichime
482 1961 706 2044 interpretetm
726 1961 887 2024 humerus.
916 1979 1039 2042 semper
1060 1961 1144 2024 enim
1163 1978 1236 2043 pec·

89 2071 214 2131 catores
245 2065 371 2130 dorsum
401 2069 523 2148 ponunt
552 2065 585 2129 in
615 2065 728 2129 seciem
760 2065 845 2129 iusti.
883 2065 1004 2128 humeri
1037 2065 1122 2128 enim
1152 2068 1234 2128 retro
1262 2091 1287 2130 15

89 2175 175 2235 sunt.
214 2171 293 2234 sicut
318 2170 402 2234 enim
424 2170 538 2234 fratres
561 2162 679 2253 Ioseph'
698 2169 817 2234 inuidis
838 2169 978 2253 percussi
1005 2169 1162 2232 fraternae
1189 2168 1235 2232 di-

87 2275 217 2339 lectioni
239 2274 366 2338 dorsum
389 2275 491 2358 magis
515 2292 609 2356 quem
632 2274 746 2338 faciem
769 2273 951 2354 offerebant,
974 2273 1018 2336 ite
1041 2276 1072 2337 et
1095 2273 1234 2336 infelices

88 2379 199 2443 Iudaei
230 2379 367 2442 uenienti
398 2379 436 2442 ed
468 2397 519 2442 eos
551 2379 662 2442 salutis
693 2379 811 2442 auctori
841 2378 979 2442 inuidere
1006 2377 1110 2460 potius
1138 2395 1233 2460 quem

88 2484 221 2567 diligere
244 2483 433 2546 meluerunt.
472 2483 509 2546 dc
533 2481 649 2546 talibus
673 2481 784 2546 dieitur
806 2483 839 2546 in
867 2483 1002 2565 psalmo:
1034 2481 1233 2545 obscuren-

87 2593 150 2652 tur
171 2587 271 2651 oculi
291 2604 431 2667 eorum,
459 2605 502 2650 ne
526 2587 693 2666 uideant,
717 2589 753 2650 et
773 2586 923 2651 dorsum
943 2604 1067 2650 eorum
1087 2605 1233 2669 semper
1259 2612 1286 2651 πο

86 2693 255 2756 incurun.

132 2796 262 2860 quenit
284 2795 397 2878 loseph
420 2796 531 2859 fratres
555 2813 627 2860 suos
651 2795 683 2858 in
707 2794 867 2858 Dotheim.
906 2795 1055 2859 Dothuim
1081 2795 1232 2877 interpre-

86 2905 176 2964 tatur
198 2900 340 2965 defeotio.
379 2919 452 2964 uere
476 2899 508 2963 in
531 2899 642 2983 grandi
665 2899 838 2962 defectione
862 2903 961 2980 erent¹
993 2899 1046 2981 qui
1069 2899 1106 2962 de
1129 2899 1232 2962 iratri-

87 3004 172 3068 cidio
203 3003 392 3087 cogitabunt.
431 3003 573 3067 uidentes
605 3021 677 3086 ergo
700 3003 814 3086 Ioseph
844 3003 958 3067 fratres
989 3003 1039 3066 sui
1068 3003 1106 3066 de
1134 3007 1232 3068 morte

85 3109 173 3172 illins
194 3111 417 3172 tractarernnt.
457 3107 502 3172 sic
522 3107 662 3171 uidentes
683 3125 793 3171 uerum
810 3107 923 3191 loseph
939 3107 1044 3170 lesum
1062 3105 1232 3188 Christum,
1259 3133 1285 3172 ne

198 3244 243 3314 re]
262 3245 471 3310 Psalmosm.
555 3321 567 3356 a

134 3369 147 3424 1
170 3365 325 3433 acciperunt
343 3367 373 3420 D
419 3369 580 3436 perseueret
597 3367 627 3421 D
679 3369 695 3421 2
713 3365 874 3435 perspexerit
891 3369 971 3436 Aup.
991 3381 1065 3435 semp
1084 3367 1186 3421 crerint
1203 3369 1233 3422 D

85 3457 102 3509 5
127 3455 238 3507 sanctus
260 3453 375 3522 quoqne]
399 3470 465 3508 nom
487 3455 646 3520 sanctusque
667 3453 858 3510 scribendum?
919 3453 1107 3523 let-suum]
1126 3455 1188 3522 quie
1206 3458 1232 3507 et

86 3540 154 3594 deus
178 3542 254 3609 peter
277 3538 367 3608 diligit
389 3539 557 3608 unigenitum
577 3555 664 3610 suum,
685 3539 828 3608 sicutipse
847 3539 924 3592 dixit:
947 3539 991 3593 hic
1009 3543 1049 3594 est
1067 3539 1139 3594 filius
1157 3557 1231 3594 meus

85 3653 205 3708 dilectus
224 3653 295 3722 dep.
349 3651 441 3706 dilexit
457 3653 564 3722 scripsi,
583 3651 677 3721 dilegit
693 3653 723 3708 D
775 3652 849 3706 misit
866 3671 1001 3723 suprascr.
1015 3655 1045 3708 D
1097 3620 1190 3710 Ssunm
1203 3655 1233 3708 D

87 3745 120 3796 10
140 3739 254 3794 fratrem
273 3755 351 3792 suum
370 3755 403 3794 ex
421 3739 516 3793 fratres
535 3753 595 3792 suos
613 3740 643 3794 D
696 3743 818 3808 quereret
834 3757 868 3796 cx
885 3739 1012 3808 querebat
1028 3741 1058 3794 D
1113 3743 1142 3796 11
1162 3741 1232 3793 heri-

85 3844 132 3880 mo
152 3828 184 3882 D
239 3828 270 3882 12
289 3841 340 3894 quo
359 3826 387 3879 in
406 3826 506 3880 mundo
518 3829 600 3896 dep,
619 3823 797 3894 qddnmmodo
817 3829 846 3882 D
900 3829 932 3882 14
950 3827 1065 3880 siccimis
1083 3827 1232 3881 siccimal)

87 3919 120 3970 15
141 3913 252 3967 dorsum
272 3912 358 3981 meffl's
377 3929 456 3981 quem
477 3912 571 3966 faciem
590 3917 694 3982 ponunt
712 3915 740 3967 in
759 3913 853 3968 faciem
873 3914 936 3968 iusti
955 3917 1026 3984 dep.
1081 3917 1151 3968 retro
1170 3919 1232 3968 sunt.

84 4031 173 4097 Auo,
193 4028 338 4080 retrorsum
356 4027 386 4080 D
452 4028 484 4080 16
503 4025 652 4080 dilectionis
671 4029 701 4082 D
766 4029 796 4082 17
816 3993 943 4082 offerebdt
960 4029 990 4082 D
1056 4030 1087 4082 18
1110 4028 1231 4081 suculento

84 4117 162 4186 Asty.
218 4113 319 4166 auctori
337 4113 444 4182 scripsi,
462 4117 596 4166 cunctorem
616 4115 653 4182 D,
672 4117 778 4168 auctore
797 4117 868 4184 deep.
922 4115 1014 4183 potius
1031 4115 1061 4168 1)
1115 4117 1147 4169 19
1166 4114 1231 4167 mel-

84 4201 200 4256 luernnt
217 4201 247 4254 D
316 4201 350 4255 22
368 4199 512 4254 intotheim
531 4201 560 4254 D
627 4202 662 4256 23
686 4201 930 4254 uere-defectione
953 4203 983 4256 D
1006 4203 1056 4268 bis,
1077 4202 1124 4255 scd
1138 4203 1233 4270 priore

84 4291 147 4344 loco
172 4285 297 4357 deiectilllp
371 4285 520 4340 fratricidio
542 4285 587 4357 illd.
610 4288 640 4342 D
666 4289 735 4354 (erat
752 4287 831 4342 hodie
849 4289 879 4342 in
897 4289 964 4354 rae.)
1034 4290 1069 4342 24
1090 4288 1131 4342 sui
1150 4289 1231 4359 lup,

84 4391 150 4428 snos
170 4374 200 4428 D
251 4375 285 4428 25
305 4373 525 4442 Iesum-Ioseph
544 4392 594 4428 cnr.
609 4375 657 4441 D',
676 4375 740 4428 add.
754 4394 826 4429 nucu.
840 4377 886 4429 ult.
899 4377 930 4428 ic
949 4393 1033 4446 uturp.
