2920 4930
509 431 607 487 Liber
623 431 653 487 II
670 433 747 490 3-4.
1154 433 1196 500 65

74 619 135 668 uero
155 605 335 691 promiscua
356 607 389 671 in
411 625 525 692 genere
547 608 686 672 humano
709 608 867 672 electionis
894 609 973 672 ratio
1001 610 1116 692 agitur,
1143 627 1197 674 cur

74 705 180 775 abhoc
200 730 330 776 munere
350 712 453 776 omnis
476 715 578 777 status
598 713 745 795 puellaris
769 712 939 796 excipitur?
975 711 1026 776 hic
1048 731 1121 796 ergo
1144 713 1197 777 de-

63 815 136 878 ·creti
160 819 246 880 sorte
273 820 415 880 cessante
446 834 531 882 mors
561 817 666 900 pueris
696 835 751 900 pro
781 815 895 880 diaboli
924 817 1056 881 infertur
1084 816 1196 898 furore,

74 919 169 984 mortis
192 939 267 985 nero
290 920 451 986 beatitudo
469 939 525 1003 pro
548 922 597 986 dei
619 921 735 986 honore
759 921 925 985 confertur.
964 938 1026 986 non
1049 938 1122 1004 ergo
1144 939 1196 985 eos

73 1025 301 1102 praedestinatio
331 1026 426 1091 morti
456 1025 585 1106 addixit,
617 1027 672 1090 sed
702 1043 815 1089 causae
845 1025 965 1090 occasio
992 1025 1195 1089 consecrauit.
1237 1053 1249 1091 e

73 1123 140 1192 hanc
161 1130 267 1212 itaque
289 1131 492 1214 paruulorum
515 1130 764 1194 interfectionem
788 1147 849 1193 non
872 1129 1034 1213 dispositio
1057 1130 1116 1209 dei,
1143 1129 1197 1192 sed
1450 1127 1451 1176 l

73 1229 203 1314 impietas
227 1234 383 1299 ordinauit
406 1233 532 1298 inimici.
579 1235 654 1299 deus
678 1239 799 1314 autem,
826 1234 879 1316 qui
907 1233 1001 1298 etiam
1028 1234 1119 1298 malis
1143 1234 1198 1297 ho·

1450 1391 1451 1430 l

73 1335 182 1402 minum
211 1338 292 1403 bene
322 1341 434 1420 utitur,
463 1339 618 1422 perempti
644 1339 776 1423 gloriam
803 1339 841 1402 de
872 1339 988 1402 scelere
1017 1339 1198 1421 perimentis

72 1447 214 1520 operatur.
254 1443 408 1507 mntraria
428 1443 554 1526 quidem
574 1443 710 1507 malitiae
731 1443 867 1531 disponit
888 1443 1043 1523 inuentor,
1066 1442 1121 1506 sed
1143 1441 1198 1506 bo-

72 1543 167 1610 nitatis
190 1549 300 1610 auctor
321 1547 353 1611 in
376 1547 488 1611 melius
511 1547 639 1612 consilia
661 1547 792 1612 aduersa
815 1546 970 1630 conponit.
1226 1572 1251 1612 ιο

594 1805 669 1871 ΠΠ.

72 1963 181 2009 coum
208 1967 283 2027 noc,
306 1967 391 2016 Quom
413 1967 544 2010 DICUNT&
567 1969 600 2012 m
622 1966 710 2010 1suos
733 1966 919 2010 mal-amoena
941 1967 1010 2027 ΕΜ,
1034 1965 1114 2016 Quos
1137 1967 1197 2008 An·

72 2051 176 2114 (lump,
208 2055 241 2096 m
267 2053 356 2096 latos
386 2053 496 2098 lusuus
526 2054 593 2114 EST,
625 2055 704 2104 Quos
734 2055 913 2112 autumnum,
944 2054 1008 2096 CUM
1038 2056 1078 2096 BT
1105 2053 1198 2096 GlROA

100 2141 196 2183 unos
219 2141 407 2184 mammons
430 2143 470 2183 ΕΤ
493 2141 586 2184 GIRGA
609 2141 707 2184 BONOS
730 2141 829 2183 lautam
852 2141 962 2184 manus
985 2141 1159 2183 arcanum.

108 2274 135 2340 Si
164 2275 303 2340 hominis
333 2279 451 2341 statum
482 2277 572 2358 deus,
606 2277 687 2340 sicut
715 2275 915 2360 blasphemat
941 2276 1101 2360 impietas,
1136 2293 1198 2340 uon
1226 2303 1251 2343 re

72 2381 219 2462 monitate
240 2380 295 2444 scd
314 2383 469 2465 potestate
489 2381 635 2465 disponit,
657 2380 710 2445 ille
733 2381 885 2462 fortassis,
908 2381 961 2463 qui
976 2381 1124 2464 pulsauit,
1148 2399 1199 2444 ex·

73 2482 195 2549 cluditur
211 2488 245 2548 et
258 2484 320 2564 ille,
345 2485 397 2567 qui
416 2503 478 2549 non
502 2485 668 2568 quaesiuit,
691 2485 873 2550 adtrahitur.
913 2503 949 2549 ac
972 2486 1016 2549 sic
1038 2503 1096 2549 nec
1118 2485 1200 2549 eirca

73 2587 200 2653 saluatos
225 2589 398 2654 misericors
421 2589 518 2654 fuisse
545 2589 715 2670 uidebitur,
744 2589 857 2672 quibus
884 2607 946 2654 nou
974 2589 1073 2672 dedit,
1101 2593 1136 2654 ut
1162 2609 1199 2654 ex
1298 2618 1308 2648 ο

73 2689 161 2758 cilicio
184 2693 428 2758 misericordiam
454 2698 663 2775 mererentur,
691 2711 748 2758 nee
775 2695 858 2758 circa
878 2693 1015 2777 perditos
1042 2694 1200 2759 aestimari

73 2798 175 2876 poterit
202 2797 319 2879 iustus,
347 2797 495 2880 quisine
522 2799 647 2882 proprio
674 2799 801 2864 crimine
825 2817 844 2862 a
866 2798 1078 2863 misericordia
1100 2799 1200 2882 repel-
1228 2827 1253 2864 ιο

75 2897 177 2966 luatur.
224 2903 306 2984 quod
329 2903 356 2966 si
379 2901 471 2968 ambo
494 2903 538 2967 rei
565 2905 641 2968 sunt
666 2903 699 2967 in
726 2906 852 2984 natura,
881 2907 913 2968 et
938 2903 971 2967 in
997 2903 1056 2968 isto
1083 2903 1201 2967 iustitia

74 3005 298 3087 periclitabitur,
326 3007 379 3090 qui
402 3007 468 3072 sine
491 3008 602 3073 merito
626 3007 773 3091 indignus
796 3008 929 3092 eligitur,
957 3011 989 3072 et
1011 3008 1044 3072 in
1066 3008 1119 3073 illo
1142 3007 1201 3071 mi-

75 3110 241 3192 sericordia,
271 3111 324 3193 qui
351 3111 516 3195 perditioni
544 3113 610 3176 sine
637 3113 755 3196 peccati
781 3112 893 3177 iudicio
919 3111 1094 3195 deputatur.
1141 3130 1202 3194 qua

76 3215 148 3280 enim
177 3216 389 3282 misericordia
417 3217 586 3284 honoratur
615 3217 748 3298 otiosus,
785 3235 846 3300 qua
879 3217 1000 3282 iustitia
1035 3217 1202 3282 damnatur

76 3317 228 3385 innoxius?
273 3321 376 3403 itaque
399 3322 474 3386 dum
497 3322 630 3404 inperite
652 3321 736 3386 tollit
755 3322 874 3386 homini
893 3321 1084 3402 libertatem,
1107 3323 1201 3406 impie
1228 3349 1254 3388 os

76 3419 123 3487 deo
143 3423 291 3508 probatur
313 3443 427 3510 negare
453 3426 615 3491 iustitiam.
661 3426 688 3490 si
714 3426 808 3506 dicas,
836 3426 909 3508 quia
931 3428 1056 3491 tantum
1080 3426 1202 3490 miseri·

76 3543 134 3590 cors
158 3529 189 3593 in
217 3530 372 3612 adquisito
399 3533 431 3594 et
457 3531 558 3595 solum
586 3531 686 3595 iustus
714 3531 747 3594 in
776 3530 897 3613 perdito
920 3534 978 3611 est,
1008 3531 1041 3595 in
1069 3535 1202 3612 utraque

76 3647 194 3710 persona
217 3633 350 3718 abrupte
373 3633 502 3718 negabis
525 3639 691 3717 utramque
713 3634 873 3699 uututem.
912 3652 985 3699 nam
1009 3653 1067 3700 nec
1089 3635 1121 3699 iu
1143 3635 1202 3699 hoc

76 3735 126 3800 erit
147 3738 297 3821 aequitas,
329 3738 355 3802 si
378 3737 475 3823 eligat
496 3755 558 3803 non
580 3738 757 3821 probatum,
787 3757 845 3804 nec
872 3739 903 3804 in
930 3739 984 3804 illo
1010 3737 1145 3820 bonitas,
1176 3739 1201 3802 si

76 3839 172 3919 perdat
193 3839 383 3908 inmeritum.
1227 3867 1253 3907 eo

113 4119 210 4188 lquur
227 4119 255 4176 P
317 4119 487 4190 toxeepitur
504 4121 531 4176 P
593 4121 747 4192 decedente
766 4120 794 4174 P
856 4118 956 4174 diaboli
976 4121 1003 4174 P
1062 4121 1203 4174 tmorso

76 4199 244 4263 beatissimae
296 4206 533 4276 5praedistinatio
546 4208 574 4262 P
625 4207 763 4276 6itaquae
780 4207 807 4262 P
858 4207 999 4276 disposicio
1017 4208 1044 4261 P
1094 4207 1201 4275 Spere-

77 4293 162 4346 msntia
179 4295 207 4349 P
258 4297 291 4352 13
309 4293 451 4364 reliquito
503 4296 537 4350 22
556 4293 670 4364 elegitur
687 4295 714 4350 P
765 4296 799 4350 23
821 4293 975 4363 perditionill
994 4293 1026 4362 P,
1045 4293 1202 4362 peritionio

76 4377 105 4431 25
120 4379 220 4450 itaquae
238 4382 267 4437 P
329 4381 405 4451 impii
423 4382 451 4436 P
511 4383 546 4437 27
565 4385 693 4452 utraquae
712 4382 739 4436 P
800 4383 834 4438 28
853 4385 994 4452 utramque
1013 4383 1041 4436 P
1106 4449 1109 4458 A

121 4473 169 4516 nl,
183 4475 255 4519 asan.
1031 4473 1045 4520 ὃ
