2954 4930
417 417 641 487 Epistularum
658 416 713 472 lib.
726 418 755 472 11
773 421 882 474 30-32.
1155 418 1220 483 415

81 591 193 674 planet,
225 591 315 657 nobis
338 592 500 677 displicere
528 611 590 658 non
617 591 719 674 debet,
748 592 962 674 benefacitis,
992 596 1028 658 ui
1049 593 1219 674 hominem,

82 715 176 778 quom
207 697 381 761 eommunis
415 715 586 762 consensus
621 697 728 781 elegit,
763 697 921 762 ordinetis.
967 697 1021 762 sed
1055 698 1219 762 admonete

80 799 180 880 illum,
211 803 247 864 ut
276 799 402 866 ueritati
428 802 563 882 studeat,
593 819 656 866 non
677 801 818 882 falsitati,
848 801 928 885 paoi,
958 819 1020 867 non
1043 802 1218 885 perditioni,

81 903 274 986 disciplinae,
297 923 360 970 non
382 905 562 986 discordiae,
585 905 713 970 utilitati
734 906 887 989 patinae,
918 925 980 971 non
1002 906 1143 989 priuatae
1166 925 1220 970 ou-

80 1008 214 1090 piditati,
245 1009 391 1090 iustitiae,
422 1028 485 1076 non
506 1010 644 1094 rapinae.
689 1013 814 1074 tueatur
835 1009 945 1090 bonos,
972 1011 1118 1076 emendet
1138 1027 1258 1091 reesa

80 1113 213 1178 miseros
243 1131 305 1178 non
333 1103 444 1194 iaciat,
478 1115 534 1180 sed
565 1114 722 1195 defendat,
757 1115 890 1199 corrigat
920 1117 1036 1196 sontes,
1067 1115 1220 1180 custodiat

80 1217 273 1297 innocentes,
303 1219 339 1282 ut
367 1218 413 1282 ito
444 1237 540 1302 agens
571 1219 671 1303 magis
702 1219 806 1284 futuro
836 1218 935 1302 possit
963 1219 1085 1302 plaeere
1107 1219 1219 1284 iudidio

80 1337 175 1402 qnam
198 1322 363 1403 praesenti.

582 1564 713 1628 XXXH.

79 1723 201 1764 DOMINO
224 1723 367 1766 intusum
391 1725 578 1774 SEMPERQUE
608 1724 780 1767 undulslco
809 1725 893 1766 ΝΜΟ
916 1724 1097 1767 Aoauoom
1127 1726 1217 1768 RURI·
1245 1713 1271 1752 ¹⁰

516 1811 584 1853 clus
607 1811 785 1854 EPISGOPUS.

121 1945 259 2010 Releotis
288 1945 401 2010 litteris
432 1945 633 2010 sublimitatis
664 1948 788 2010 uestrae
819 1946 934 2029 gratias
965 1946 1021 2010 deo
1048 1947 1108 2029 egi,
1139 1947 1219 2029 quod

78 2068 135 2114 uos
166 2049 253 2132 prius
283 2051 455 2114 reualuisse
486 2051 677 2114 ordinatione
700 2049 808 2132 ipsius,
838 2068 933 2132 quam
955 2049 1127 2116 infirmatos
1150 2069 1219 2116 esse

79 2154 222 2238 cognoui,
254 2157 290 2218 ut
319 2153 409 2218 nobis
433 2154 623 2218 anxietatem
644 2154 769 2218 tolleret
792 2157 823 2217 et
846 2153 934 2218 uobis
956 2153 1099 2218 redderet
1121 2154 1219 2237 sospi-

79 2261 190 2322 tatem.
226 2275 320 2340 quam
343 2261 450 2322 tamen
472 2257 689 2322 infirmitatem
711 2257 801 2322 uobis
818 2257 988 2322 elementer
1003 2257 1134 2322 inlatam
1148 2275 1219 2340 pro-
1245 2284 1271 2324 ιι

77 2361 154 2444 pitio
177 2363 280 2443 potius
304 2379 397 2444 quam
419 2361 497 2426 irato
521 2361 588 2444 ipso
612 2361 736 2426 domino
759 2365 864 2426 nostro
887 2379 942 2444 pro
962 2362 1054 2426 solita
1073 2361 1139 2426 eius
1154 2363 1219 2444 pie-

78 2468 145 2529 tate
170 2465 298 2530 oouioio.
334 2465 379 2530 sie
403 2465 487 2530 enim
509 2465 653 2550 legimus,
677 2465 758 2547 quod
780 2465 926 2548 eorripiat
948 2465 1103 2546 dominus,
1126 2484 1219 2547 quem

78 2569 193 2652 diligit,
208 2565 369 2654 (castigat)
385 2573 491 2634 autem
507 2587 632 2634 omnem
648 2568 758 2649 filium,
775 2587 869 2651 quem
884 2569 1004 2652 recipit.
1028 2569 1109 2651 quod
1125 2570 1219 2634 etiam

76 2673 109 2736 in
138 2671 240 2754 uobis,
269 2676 421 2754 qnantum
448 2673 549 2754 audio,
573 2671 791 2756 conprobatur,
817 2675 853 2736 ut
879 2673 1029 2737 ordinatis
1056 2672 1218 2736 affectibus

77 2776 195 2841 uestris
229 2794 321 2840 sunm
351 2776 441 2841 nobis
470 2777 644 2841 insinuaret
674 2775 821 2840 affectum
851 2779 882 2840 et
911 2775 1023 2840 habitu
1053 2777 1217 2856 animoque
1245 2803 1271 2842 ao

77 2884 203 2944 mutato
226 2881 335 2964 iugum
358 2879 448 2946 uobis
471 2897 546 2946 suae
568 2881 706 2946 lenitatis
728 2881 899 2962 inponeret,
923 2883 959 2944 ut
973 2879 1102 2944 salutari
1116 2867 1231 2942 omnri'

75 3001 135 3048 sno
159 2983 242 3048 oolla
264 2983 444 3063 subdentes,
467 2985 543 3048 dnm
565 2984 785 3048 mandatorum
808 3001 935 3050 suorum
957 2984 1026 3048 leue
1048 3001 1126 3048 onus
1146 3003 1218 3048 one-

75 3088 163 3168 hitis,
186 3091 386 3170 peecatorum
407 3106 537 3172 grauem
560 3088 714 3152 sarcinam
737 3087 908 3170 deponatis.

120 3191 212 3256 Haeo
234 3195 283 3256 est
305 3192 389 3256 enim
404 3192 538 3257 mutatio
554 3191 698 3256 dexterae
714 3191 837 3273 exoelsi,
861 3191 935 3256 dum
951 3191 989 3256 ds
1003 3191 1217 3274 peecatoribus

76 3297 191 3375 iustos,
222 3295 260 3359 de
293 3296 445 3360 extraneis
476 3296 674 3376 domesticos,
708 3296 823 3360 amieos
854 3295 914 3360 sibi
942 3295 1043 3360 faeere
1074 3296 1218 3379 dignatur
1244 3323 1270 3362 aa

75 3419 112 3464 ex
137 3401 249 3464 seruis.
295 3405 447 3482 superest,
474 3403 511 3464 ut
540 3417 623 3464 nuno
653 3400 897 3480 consensionem,
927 3417 1021 3480 quam
1043 3399 1218 3483 protulistis

75 3504 107 3568 in
140 3507 240 3583 ueste,
271 3503 407 3587 probetis
437 3504 471 3568 in
501 3504 591 3568 eorde
622 3507 653 3567 et
682 3503 760 3567 haeo
786 3503 989 3568 commutatio
1019 3505 1101 3569 inter
1127 3504 1218 3568 indu-

74 3610 225 3672 mentum
248 3609 388 3672 uestrnm
410 3607 562 3672 habeatur
585 3609 616 3671 et
638 3607 790 3688 animum,
816 3610 861 3688 ut,
885 3607 966 3672 siout
987 3607 1040 3672 ille
1063 3607 1121 3672 sub
1144 3625 1218 3672 oan-

187 3839 230 3908 1e]
249 3839 329 3893 arou.
343 3841 367 3903 a
382 3841 422 3895 ia.
477 3839 521 3910 ιι]
540 3838 621 3894 neor.
636 3841 676 3904 la,
689 3841 713 3894 o.
767 3838 813 3908 aa]
831 3837 931 3894 asom.
945 3842 986 3904 ae,
1001 3843 1041 3896 11.

119 4065 289 4122 lfaetisS
357 4065 538 4122 'liuditioS
606 4065 801 4134 apronianus
871 4069 902 4122 lo
920 4065 1036 4135 inlustriil
1055 4067 1078 4122 S
1094 4067 1119 4134 (e
1137 4069 1217 4134 eras.)

73 4151 269 4210 lardicias
321 4155 353 4208 14
372 4152 598 4221 utlmetjolmaa,
618 4153 680 4208 etS
732 4154 763 4208 17
782 4152 917 4208 aonitioS
968 4155 1000 4210 18
1013 4151 1103 4222 diligit
1115 4155 1178 4208 add.
1192 4173 1216 4222 v,

70 4240 194 4309 castigat
211 4237 276 4293 odd.
293 4239 344 4295 Kr.
361 4256 395 4296 aa
412 4239 503 4308 epu
515 4241 558 4307 23,
577 4238 665 4295 oms
733 4239 878 4308 reoepitS
948 4241 979 4294 19
1001 4255 1029 4293 re
1051 4239 1216 4308 probatura

69 4357 105 4410 20
127 4351 288 4418 animoquae
308 4351 456 4406 mutatus
509 4353 540 4406 21
561 4351 679 4406 curuiS
729 4353 763 4406 25
782 4315 972 4407 dixtraneisS
