2944 4936
206 405 271 470 454
485 404 603 459 Fausti
621 404 768 475 episcopi
787 403 823 458 de
842 403 969 458 ratione
987 403 1076 457 fidei.

250 584 322 642 Item
335 585 368 642 de
383 583 492 642 Mariae
504 583 627 658 uirginis
640 583 838 658 generatione:
855 585 1000 658 etporta
1011 584 1085 640 erat
1100 582 1219 640 clausa
1234 583 1267 638 ot
1282 598 1352 639 non

208 691 261 746 est
276 691 412 762 aperte,
429 691 573 762 tamquam
590 688 615 747 si
628 688 864 763 interrogaretur,
880 705 930 746 eur
941 688 1041 762 aperta
1056 704 1113 746 non
1130 689 1217 758 esset,
1233 685 1352 744 adiecit:

208 792 289 866 quia
304 793 463 852 dominus
478 792 651 852 transiuit
666 810 725 868 pur
741 809 819 852 eam.
851 795 934 868 po1ta
948 792 1055 863 clausa,
1071 792 1098 850 id
1115 793 1159 850 est
1171 790 1352 866 signaculum

210 897 336 972 pudoris,
361 897 557 956 immaculatae
576 897 672 956 uernis
693 897 854 972 integritas,
891 896 1045 956 nonenim
1066 895 1172 955 uiolata
1192 899 1236 954 est
1255 898 1353 970 partu,

169 1025 182 1064 s
209 1018 281 1076 quae
297 1001 389 1077 magis
405 1005 450 1060 est
465 1001 643 1060 sanctificata
658 1004 777 1076 coneept
800 1050 805 1060 .

251 1106 323 1164 Item
337 1107 370 1164 de
383 1105 488 1164 Christi
501 1107 616 1181 genuina
628 1106 672 1165 dei
683 1105 862 1180 hominisque
874 1105 1052 1164 substantie:
1069 1109 1103 1163 et
1114 1109 1229 1174 erunt,
1246 1104 1353 1178 inquit,

210 1211 274 1268 duo
290 1210 440 1269 incarne
453 1228 532 1282 una,
549 1211 643 1282 idest,
661 1211 730 1269 deus
742 1215 771 1269 et
781 1211 862 1270 homo
875 1228 952 1269 unus
964 1209 1105 1280 Christus,
1122 1209 1196 1284 quod
1207 1209 1355 1284 apostolus
1466 1241 1467 1260 t

211 1316 245 1374 do
259 1315 371 1373 Christo
388 1317 416 1374 et
428 1314 555 1387 eeclesia,
572 1315 599 1373 id
616 1319 660 1374 est
672 1316 705 1374 de
718 1315 823 1374 Christi
836 1331 951 1389 eorpore
963 1314 1108 1390 praecepit
1122 1314 1261 1388 intellegi,
1278 1314 1356 1372 sic-nt

213 1419 266 1478 ait:
284 1422 317 1478 et
331 1421 435 1478 erunt
450 1421 512 1478 duo
529 1419 564 1478 in
580 1436 683 1478 earne
698 1437 773 1478 unu.
812 1437 872 1494 ego
888 1422 1002 1478 autern
1017 1418 1091 1478 dieo
1112 1419 1147 1477 in
1162 1419 1300 1478 Christo
1321 1421 1356 1476 et
1466 1499 1467 1504 ἵ

161 1547 185 1588 ro
212 1514 421 1584 ineoel'asia.
453 1525 527 1598 quod
542 1527 640 1598 aperte
656 1523 1007 1598 exposuitedltornanos:
1031 1527 1149 1599 patres
1166 1523 1293 1592 nostri,
1316 1539 1355 1581 ex
1466 1545 1467 1564 r

212 1628 339 1703 quibus
360 1628 521 1688 Christus
545 1630 734 1688 seeundum
757 1645 907 1698 earnem,
931 1628 1058 1686 adseruit
1081 1628 1206 1689 hominis
1227 1645 1355 1696 tamem,

212 1737 421 1808 consequenter
441 1733 548 1792 adserit
566 1737 664 1808 partes
685 1734 728 1792 dei
745 1733 855 1792 dioens:
880 1733 938 1808 qui
958 1736 1129 1808 estsuper
1145 1733 1356 1792 omniadeus

212 1838 417 1898 benedictus
433 1839 468 1898 in
484 1840 632 1898 seeeula.
663 1842 723 1898 tum
737 1839 865 1914 perlecta
884 1839 930 1898 hio
944 1839 996 1898 dlii
1013 1840 1171 1898 eminentia
1185 1839 1357 1908 declaratur,

215 1946 246 2002 ut
261 1943 315 2002 diei
331 1945 364 2002 de
376 1947 458 2018 petre
469 1945 576 2002 maiore
587 1961 646 2003 non
661 1943 784 2019 possint.
812 1961 878 2002 nam
894 1945 919 2002 si
936 1944 1051 2004 initium
1064 1945 1191 2014 haberet,
1208 1961 1267 2002 non
1279 1947 1359 2002 esset

164 2069 188 2109 ra
215 2048 414 2122 superomnia,
428 2049 476 2107 sed
489 2049 566 2107 intur
577 2049 682 2118 omnia,
696 2066 768 2122 quea
779 2049 1000 2123 preeundieioue
1012 2047 1142 2108 foeturae
1154 2049 1231 2107 intra
1240 2048 1358 2106 initium

214 2152 408 2212 eontinentur.
452 2153 501 2211 sed
525 2153 666 2223 Christus,
690 2153 758 2226 quia
779 2153 907 2227 uequahs
930 2155 975 2211 est
997 2153 1083 2228 patri,
1107 2152 1188 2212 nulla
1209 2152 1359 2226 temporis,

216 2257 296 2316 nulla
315 2257 418 2316 aetatis
438 2257 501 2332 loge
520 2256 706 2318 eonoluditur.
738 2257 885 2316 euidenter
900 2260 929 2316 et
944 2259 978 2316 ud
994 2256 1195 2333 Philippenses
1210 2257 1359 2331 apostulus

216 2363 286 2420 duas
299 2361 405 2420 Christi
420 2363 590 2421 natiuitates
606 2365 634 2420 et
649 2364 719 2421 duas
732 2362 912 2421 substantias
924 2361 1069 2436 praedicat
1084 2363 1194 2420 diceus:
1212 2361 1268 2435 qui
1285 2378 1360 2418 earn

218 2466 252 2526 in
267 2465 376 2525 forma
390 2467 443 2525 dei
460 2469 568 2537 esset,
592 2466 732 2526 formam
748 2467 843 2525 serui
858 2467 998 2541 aceepit.
1029 2466 1133 2540 quihus
1149 2465 1255 2541 regulis
1271 2465 1361 2540 plena

166 2591 191 2630 ao
218 2573 288 2628 sunt
307 2571 453 2630 uolumina
473 2572 540 2630 noui
562 2573 591 2630 et
610 2571 716 2630 ueteris
736 2571 913 2630 testamenti.
949 2571 1081 2630 similitor
1102 2573 1131 2629 et
1145 2571 1195 2630 Ioh
1215 2570 1363 2645 praedicat

219 2674 338 2733 eximius
361 2676 512 2749 propheta:
537 2678 569 2734 et
592 2675 628 2732 in
651 2693 753 2734 earne
776 2692 847 2734 mea
870 2675 992 2734 uidebo
1015 2677 1119 2734 deum.
1141 2675 1230 2749 'quod
1253 2675 1288 2733 de
1311 2674 1362 2735 illo

218 2781 344 2854 tempore
359 2779 550 2854 propheteuit,
574 2781 686 2854 quando
703 2780 809 2838 Christi
832 2780 923 2838 deitas
945 2779 1046 2838 habitu
1069 2783 1185 2839 nostrae
1200 2779 1296 2837 earnis
1312 2779 1360 2838 in·

219 2885 287 2942 duta
302 2886 356 2942 est.

263 2987 335 3057 Quia
350 3005 427 3062 ergo,
451 2991 483 3046 ut
497 2988 618 3063 praelati
636 3007 743 3059 sumus,
768 2991 885 3047 uerbum
906 3005 971 3047 earo
986 2987 1092 3047 sautum
1108 2992 1154 3046 est
1168 2991 1198 3046 et
1212 2989 1282 3046 duos
1298 3005 1364 3046 esse

168 3114 193 3153 as
221 3095 334 3152 constat
355 3093 497 3151 hominem
519 3095 548 3151 et
569 3094 650 3151 deum
672 3093 703 3151 in
722 3109 807 3152 earne
829 3111 896 3164 una,
920 3095 1000 3154 modo
1022 3094 1103 3152 homo
1127 3093 1252 3167 loquitur
1276 3094 1364 3168 petri,

221 3199 299 3256 inodo
317 3198 395 3266 deus,
412 3198 493 3256 modo
506 3197 630 3256 uisihilis
640 3215 672 3255 er
686 3199 786 3270 matre,
803 3198 883 3256 modo
894 3197 1051 3256 inuisibilis
1063 3215 1096 3255 er
1108 3199 1199 3272 patre.
1228 3197 1264 3255 da
1276 3201 1367 3256 uerba
1466 3213 1467 3270 4

220 3301 353 3359 hominis.
385 3301 491 3375 ipsein
509 3301 658 3375 euangelio
679 3301 760 3360 dieit:
782 3301 884 3360 lilius
904 3302 1056 3360 hominis
1076 3302 1281 3372 nonhabet,
1304 3303 1366 3361 ubi

195 3451 197 3456 .
221 3409 324 3478 eaput
343 3421 438 3462 suum
459 3404 616 3464 reclinet.
655 3406 788 3464 ostendat
809 3406 856 3463 hio
875 3423 983 3479 pauper
1005 3405 1081 3464 filius
1101 3405 1225 3465 hominis
1245 3405 1366 3464 diuitias
1466 3463 1467 3488 1

327 3581 353 3650 1]
373 3581 465 3635 Erech.
478 3584 521 3642 44.
533 3583 557 3636 2.
629 3582 657 3651 3]
679 3581 742 3635 ihid.
814 3582 841 3651 6]
862 3581 927 3636 Gen.
941 3584 965 3646 2,
979 3585 1020 3638 24.
1099 3582 1127 3650 9]
1147 3581 1214 3650 llph.
1228 3586 1253 3645 5,
1265 3584 1310 3637 31.
1323 3585 1367 3638 32,

224 3667 268 3735 10]
282 3667 357 3720 Rom.
370 3669 394 3731 9,
409 3672 431 3722 5.
482 3669 525 3737 12]
539 3667 603 3721 ibid.
654 3669 697 3738 18]
710 3667 780 3722 Phil.
793 3671 818 3732 2,
832 3671 856 3722 6.
870 3672 894 3723 7.
942 3668 988 3738 21]
1001 3667 1049 3722 Iob
1065 3672 1104 3732 19,
1118 3671 1158 3724 26.
1207 3669 1367 3736 aurdanu.
1466 3717 1467 3720 ,

222 3758 247 3818 8,
259 3757 307 3816 20;
327 3753 389 3807 Luc.
404 3757 427 3817 9,
441 3757 482 3810 58.
1466 3749 1467 3774 ¹

268 3923 281 3975 l
302 3923 328 3973 et
346 3938 397 3976 om.
411 3921 438 3974 P
489 3923 505 3974 4
524 3923 557 3988 of.
572 3921 652 3975 Pitru
667 3939 696 3990 p.
711 3925 776 3974 159:
794 3920 858 3988 quid
878 3923 975 3974 mirum
995 3921 1016 3973 ai
1035 3936 1088 3974 non
1106 3924 1147 3974 est
1164 3919 1264 3974 uiolato
1278 3927 1369 3990 partu,

224 4022 290 4075 quae
313 4007 397 4075 magis
420 4009 461 4060 est
483 4007 650 4061 sanetifieeta
671 4011 799 4076 eoneeptu
822 4008 868 4077 (os.
881 4009 963 4063 εὐίαηι
982 4009 1218 4064 Pseudo-Eueehii
1236 4007 1370 4080 [Faue]
1466 4023 1467 4030 ’

224 4096 339 4150 Monilia
359 4096 458 4161 VIIII,
481 4095 553 4150 Bihl.
572 4095 649 4150 Patr.
668 4096 745 4150 Max.
764 4097 853 4165 Lupd.
874 4097 917 4150 VI
933 4099 985 4151 629
995 4096 1033 4163 E)
1103 4099 1119 4150 5
1138 4095 1281 4164 conseptu]
1301 4113 1370 4165 quae

225 4180 323 4248 absque
342 4181 415 4234 omui
433 4185 540 4250 peceato
559 4184 687 4250 oonoepta
704 4185 745 4235 est
763 4182 791 4234 in
810 4185 885 4236 utero
903 4183 966 4236 add.
981 4184 1009 4236 P
1074 4186 1103 4238 ll
1123 4198 1230 4236 curnem
1248 4181 1371 4237 adseruit

224 4267 423 4336 hominisrlup.
481 4271 512 4324 12
530 4269 631 4336 partes]
644 4269 833 4337 proprietatem
847 4271 917 4338 Any.
974 4271 1005 4324 13
1023 4269 1215 4338 hionnam.
1271 4273 1307 4326 16
1324 4271 1370 4338 qui

226 4357 297 4427 Aop.
352 4357 382 4409 21
403 4355 635 4425 prophetarumS
