<?xml version="1.0" encoding="UTF-8"?>
<!DOCTYPE html PUBLIC "-//W3C//DTD XHTML 1.0 Transitional//EN"
    "http://www.w3.org/TR/xhtml1/DTD/xhtml1-transitional.dtd">
<html xmlns="http://www.w3.org/1999/xhtml" xml:lang="en" lang="en">
 <head>
  <title>
</title>
<meta http-equiv="Content-Type" content="text/html;charset=utf-8" />
  <meta name='ocr-system' content='tesseract 3.04.00' />
  <meta name='ocr-capabilities' content='ocr_page ocr_carea ocr_par ocr_line ocrx_word'/>
</head>
<body>
  <div class='ocr_page' id='page_1' title='image "./praetersermones00fausgoog/praetersermones00fausgoog_0323.png"; bbox 0 0 2924 4924; ppageno 0'>
   <div class='ocr_carea' id='block_1_1' title="bbox 522 431 1207 497">
    <p class='ocr_par' dir='ltr' id='par_1_1' title="bbox 522 431 1207 497">
     <span class='ocr_line' id='line_1_1' title="bbox 522 431 1207 497; baseline 0.01 -7"><span class='ocrx_word' id='word_1_1' title='bbox 522 434 588 490; x_wconf 91' lang='lat'>1111.</span> <span class='ocrx_word' id='word_1_2' title='bbox 608 433 716 489; x_wconf 88' lang='lat' dir='ltr'><strong>Sermo</strong></span> <span class='ocrx_word' id='word_1_3' title='bbox 734 437 758 490; x_wconf 87' lang='lat'><strong>3.</strong></span> <span class='ocrx_word' id='word_1_4' title='bbox 1143 431 1207 497; x_wconf 75' lang='lat'><strong>235</strong></span> 
     </span>
    </p>
   </div>
   <div class='ocr_carea' id='block_1_2' title="bbox 78 609 1266 3520">
    <p class='ocr_par' dir='ltr' id='par_1_2' title="bbox 78 609 1266 3520">
     <span class='ocr_line' id='line_1_2' title="bbox 79 609 1205 694; baseline -0.001 -19"><span class='ocrx_word' id='word_1_5' title='bbox 79 609 198 676; x_wconf 90' lang='lat' dir='ltr'><strong>bonum.</strong></span> <span class='ocrx_word' id='word_1_6' title='bbox 237 612 344 677; x_wconf 79' lang='lat' dir='ltr'><strong>audiet</strong></span> <span class='ocrx_word' id='word_1_7' title='bbox 362 629 500 692; x_wconf 89' lang='lat' dir='ltr'><strong>nonme,</strong></span> <span class='ocrx_word' id='word_1_8' title='bbox 524 612 579 676; x_wconf 91' lang='lat' dir='ltr'><strong>sed</strong></span> <span class='ocrx_word' id='word_1_9' title='bbox 600 611 704 694; x_wconf 90' lang='lat' dir='ltr'><strong>ipsum</strong></span> <span class='ocrx_word' id='word_1_10' title='bbox 720 611 881 675; x_wconf 90' lang='lat' dir='ltr'><strong>dominum</strong></span> <span class='ocrx_word' id='word_1_11' title='bbox 897 629 1003 675; x_wconf 90' lang='lat' dir='ltr'><strong>sunm:</strong></span> <span class='ocrx_word' id='word_1_12' title='bbox 1028 611 1057 674; x_wconf 89' lang='lat' dir='ltr'><strong>si</strong></span> <span class='ocrx_word' id='word_1_13' title='bbox 1080 610 1205 690; x_wconf 86' lang='lat' dir='ltr'><strong>offers,</strong></span> 
     </span>
     <span class='ocr_line' id='line_1_3' title="bbox 78 715 1206 798; baseline 0 -19"><span class='ocrx_word' id='word_1_14' title='bbox 78 715 179 798; x_wconf 83' lang='lat' dir='ltr'><strong>inquit,</strong></span> <span class='ocrx_word' id='word_1_15' title='bbox 204 734 337 781; x_wconf 90' lang='lat' dir='ltr'><strong>munus</strong></span> <span class='ocrx_word' id='word_1_16' title='bbox 360 719 463 780; x_wconf 90' lang='lat' dir='ltr'><strong>tuum</strong></span> <span class='ocrx_word' id='word_1_17' title='bbox 486 716 530 781; x_wconf 86' lang='lat' dir='ltr'><strong>ed</strong></span> <span class='ocrx_word' id='word_1_18' title='bbox 553 717 676 780; x_wconf 81' lang='lat' dir='ltr'><strong>altore</strong></span> <span class='ocrx_word' id='word_1_19' title='bbox 699 719 735 780; x_wconf 90' lang='lat' dir='ltr'><strong>ct</strong></span> <span class='ocrx_word' id='word_1_20' title='bbox 761 715 813 780; x_wconf 95' lang='lat' dir='ltr'><strong>ibi</strong></span> <span class='ocrx_word' id='word_1_21' title='bbox 834 715 1054 780; x_wconf 82' lang='lat' dir='ltr'><strong>recordatus</strong></span> <span class='ocrx_word' id='word_1_22' title='bbox 1076 715 1206 797; x_wconf 87' lang='lat' dir='ltr'><strong>fueris,</strong></span> 
     </span>
     <span class='ocr_line' id='line_1_4' title="bbox 79 819 1206 902; baseline 0 -18"><span class='ocrx_word' id='word_1_23' title='bbox 79 821 156 901; x_wconf 81' lang='lat' dir='ltr'><strong>quis</strong></span> <span class='ocrx_word' id='word_1_24' title='bbox 179 820 299 885; x_wconf 80' lang='lat' dir='ltr'><strong>frater</strong></span> <span class='ocrx_word' id='word_1_25' title='bbox 326 825 413 884; x_wconf 88' lang='lat' dir='ltr'><strong>tuns</strong></span> <span class='ocrx_word' id='word_1_26' title='bbox 441 819 554 886; x_wconf 83' lang='lat' dir='ltr'><strong>hebet</strong></span> <span class='ocrx_word' id='word_1_27' title='bbox 575 820 717 902; x_wconf 82' lang='lat' dir='ltr'><strong>aliquid</strong></span> <span class='ocrx_word' id='word_1_28' title='bbox 740 820 937 884; x_wconf 78' lang='lat' dir='ltr'><strong>aduersum</strong></span> <span class='ocrx_word' id='word_1_29' title='bbox 959 823 1008 900; x_wconf 83' lang='lat' dir='ltr'><strong>te,</strong></span> <span class='ocrx_word' id='word_1_30' title='bbox 1035 819 1206 902; x_wconf 89' lang='lat' dir='ltr'><strong>relinque</strong></span> 
     </span>
     <span class='ocr_line' id='line_1_5' title="bbox 78 923 1207 1006; baseline 0.001 -19"><span class='ocrx_word' id='word_1_31' title='bbox 78 923 121 988; x_wconf 94' lang='lat' dir='ltr'><strong>ibi</strong></span> <span class='ocrx_word' id='word_1_32' title='bbox 143 943 277 988; x_wconf 88' lang='lat' dir='ltr'><strong>munus</strong></span> <span class='ocrx_word' id='word_1_33' title='bbox 300 929 403 990; x_wconf 83' lang='lat' dir='ltr'><strong>tuum</strong></span> <span class='ocrx_word' id='word_1_34' title='bbox 423 929 508 989; x_wconf 87' lang='lat' dir='ltr'><strong>ente</strong></span> <span class='ocrx_word' id='word_1_35' title='bbox 529 925 647 989; x_wconf 84' lang='lat' dir='ltr'><strong>altere</strong></span> <span class='ocrx_word' id='word_1_36' title='bbox 671 929 706 988; x_wconf 90' lang='lat' dir='ltr'><strong>et</strong></span> <span class='ocrx_word' id='word_1_37' title='bbox 728 925 820 988; x_wconf 86' lang='lat' dir='ltr'><strong>uado</strong></span> <span class='ocrx_word' id='word_1_38' title='bbox 843 925 947 1006; x_wconf 88' lang='lat' dir='ltr'><strong>prins</strong></span> <span class='ocrx_word' id='word_1_39' title='bbox 969 924 1207 988; x_wconf 83' lang='lat' dir='ltr'><strong>reconciliari</strong></span> 
     </span>
     <span class='ocr_line' id='line_1_6' title="bbox 78 1029 1247 1096; baseline 0.003 -4"><span class='ocrx_word' id='word_1_40' title='bbox 78 1029 180 1094; x_wconf 83' lang='lat' dir='ltr'><strong>fratri</strong></span> <span class='ocrx_word' id='word_1_41' title='bbox 203 1033 265 1094; x_wconf 87' lang='lat' dir='ltr'><strong>tuo</strong></span> <span class='ocrx_word' id='word_1_42' title='bbox 289 1035 325 1094; x_wconf 88' lang='lat' dir='ltr'><strong>et</strong></span> <span class='ocrx_word' id='word_1_43' title='bbox 348 1035 435 1094; x_wconf 88' lang='lat' dir='ltr'><strong>tuno</strong></span> <span class='ocrx_word' id='word_1_44' title='bbox 458 1030 614 1094; x_wconf 91' lang='lat' dir='ltr'><strong>ueniens</strong></span> <span class='ocrx_word' id='word_1_45' title='bbox 637 1029 775 1094; x_wconf 82' lang='lat' dir='ltr'><strong>olferes</strong></span> <span class='ocrx_word' id='word_1_46' title='bbox 799 1047 931 1094; x_wconf 90' lang='lat' dir='ltr'><strong>munus</strong></span> <span class='ocrx_word' id='word_1_47' title='bbox 955 1031 1068 1094; x_wconf 92' lang='lat' dir='ltr'><strong>tuum.</strong></span> <span class='ocrx_word' id='word_1_48' title='bbox 1099 1031 1207 1093; x_wconf 83' lang='lat' dir='ltr'><strong>atnoe</strong></span> <span class='ocrx_word' id='word_1_49' title='bbox 1234 1055 1247 1096; x_wconf 81' lang='lat' dir='ltr'><strong>s</strong></span> 
     </span>
     <span class='ocr_line' id='line_1_7' title="bbox 78 1133 1209 1218; baseline -0.002 -20"><span class='ocrx_word' id='word_1_50' title='bbox 78 1151 191 1218; x_wconf 77' lang='lat' dir='ltr'><strong>pugnes</strong></span> <span class='ocrx_word' id='word_1_51' title='bbox 214 1134 366 1199; x_wconf 84' lang='lat' dir='ltr'><strong>hebentes</strong></span> <span class='ocrx_word' id='word_1_52' title='bbox 382 1134 571 1199; x_wconf 90' lang='lat' dir='ltr'><strong>intrinsecus</strong></span> <span class='ocrx_word' id='word_1_53' title='bbox 594 1138 626 1198; x_wconf 89' lang='lat' dir='ltr'><strong>et</strong></span> <span class='ocrx_word' id='word_1_54' title='bbox 648 1134 733 1199; x_wconf 90' lang='lat' dir='ltr'><strong>dolos</strong></span> <span class='ocrx_word' id='word_1_55' title='bbox 756 1135 789 1198; x_wconf 93' lang='lat' dir='ltr'><strong>in</strong></span> <span class='ocrx_word' id='word_1_56' title='bbox 812 1134 903 1198; x_wconf 84' lang='lat' dir='ltr'><strong>eorde</strong></span> <span class='ocrx_word' id='word_1_57' title='bbox 926 1137 1097 1214; x_wconf 81' lang='lat' dir='ltr'><strong>uersantes,</strong></span> <span class='ocrx_word' id='word_1_58' title='bbox 1121 1133 1209 1215; x_wconf 82' lang='lat' dir='ltr'>quasi</span> 
     </span>
     <span class='ocr_line' id='line_1_8' title="bbox 79 1237 1209 1320; baseline -0.001 -17"><span class='ocrx_word' id='word_1_59' title='bbox 79 1239 123 1319; x_wconf 80' lang='lat' dir='ltr'><strong>qui</strong></span> <span class='ocrx_word' id='word_1_60' title='bbox 145 1239 262 1303; x_wconf 79' lang='lat' dir='ltr'><strong>bonum</strong></span> <span class='ocrx_word' id='word_1_61' title='bbox 284 1239 507 1303; x_wconf 79' lang='lat' dir='ltr'><strong>conscientiam</strong></span> <span class='ocrx_word' id='word_1_62' title='bbox 530 1238 713 1319; x_wconf 68' lang='lat' dir='ltr'><strong>habeamus</strong></span> <span class='ocrx_word' id='word_1_63' title='bbox 739 1238 969 1320; x_wconf 77' lang='lat' dir='ltr'><strong>praesumimus</strong></span> <span class='ocrx_word' id='word_1_64' title='bbox 997 1237 1142 1302; x_wconf 84' lang='lat' dir='ltr'><strong>accedere</strong></span> <span class='ocrx_word' id='word_1_65' title='bbox 1170 1237 1209 1302; x_wconf 82' lang='lat' dir='ltr'><strong>od</strong></span> 
     </span>
     <span class='ocr_line' id='line_1_9' title="bbox 79 1342 1210 1425; baseline 0.001 -19"><span class='ocrx_word' id='word_1_66' title='bbox 79 1343 167 1407; x_wconf 80' lang='lat' dir='ltr'><strong>altam</strong></span> <span class='ocrx_word' id='word_1_67' title='bbox 191 1361 254 1408; x_wconf 90' lang='lat' dir='ltr'><strong>uon</strong></span> <span class='ocrx_word' id='word_1_68' title='bbox 278 1344 425 1408; x_wconf 86' lang='lat' dir='ltr'><strong>timentes</strong></span> <span class='ocrx_word' id='word_1_69' title='bbox 448 1343 536 1423; x_wconf 89' lang='lat' dir='ltr'><strong>illud,</strong></span> <span class='ocrx_word' id='word_1_70' title='bbox 560 1342 641 1425; x_wconf 90' lang='lat' dir='ltr'><strong>quod</strong></span> <span class='ocrx_word' id='word_1_71' title='bbox 664 1343 814 1424; x_wconf 86' lang='lat' dir='ltr'><strong>scriptum</strong></span> <span class='ocrx_word' id='word_1_72' title='bbox 837 1345 898 1406; x_wconf 88' lang='lat' dir='ltr'><strong>est:</strong></span> <span class='ocrx_word' id='word_1_73' title='bbox 926 1342 988 1424; x_wconf 91' lang='lat' dir='ltr'><strong>qui</strong></span> <span class='ocrx_word' id='word_1_74' title='bbox 1010 1342 1210 1407; x_wconf 84' lang='lat' dir='ltr'><strong>manducet</strong></span> 
     </span>
     <span class='ocr_line' id='line_1_10' title="bbox 79 1447 1210 1531; baseline 0 -20"><span class='ocrx_word' id='word_1_75' title='bbox 79 1464 203 1530; x_wconf 89' lang='lat' dir='ltr'><strong>corpus</strong></span> <span class='ocrx_word' id='word_1_76' title='bbox 226 1447 364 1512; x_wconf 90' lang='lat' dir='ltr'><strong>domini</strong></span> <span class='ocrx_word' id='word_1_77' title='bbox 392 1452 427 1513; x_wconf 86' lang='lat' dir='ltr'><strong>et</strong></span> <span class='ocrx_word' id='word_1_78' title='bbox 452 1447 549 1512; x_wconf 85' lang='lat' dir='ltr'><strong>bibit</strong></span> <span class='ocrx_word' id='word_1_79' title='bbox 578 1448 799 1531; x_wconf 85' lang='lat' dir='ltr'><strong>sanguinem</strong></span> <span class='ocrx_word' id='word_1_80' title='bbox 823 1447 900 1527; x_wconf 89' lang='lat' dir='ltr'><strong>eins</strong></span> <span class='ocrx_word' id='word_1_81' title='bbox 928 1447 1095 1530; x_wconf 85' lang='lat' dir='ltr'><strong>indigne,</strong></span> <span class='ocrx_word' id='word_1_82' title='bbox 1119 1447 1210 1511; x_wconf 92' lang='lat' dir='ltr'><strong>iudi-</strong></span> 
     </span>
     <span class='ocr_line' id='line_1_11' title="bbox 79 1551 1262 1617; baseline 0.003 -4"><span class='ocrx_word' id='word_1_83' title='bbox 79 1551 165 1616; x_wconf 91' lang='lat' dir='ltr'><strong>cium</strong></span> <span class='ocrx_word' id='word_1_84' title='bbox 190 1551 262 1617; x_wconf 93' lang='lat' dir='ltr'><strong>sibi</strong></span> <span class='ocrx_word' id='word_1_85' title='bbox 285 1551 485 1617; x_wconf 78' lang='lat' dir='ltr'><strong>manducet</strong></span> <span class='ocrx_word' id='word_1_86' title='bbox 507 1556 543 1616; x_wconf 93' lang='lat' dir='ltr'><strong>et</strong></span> <span class='ocrx_word' id='word_1_87' title='bbox 564 1552 669 1616; x_wconf 87' lang='lat' dir='ltr'><strong>bibit.</strong></span> <span class='ocrx_word' id='word_1_88' title='bbox 1238 1577 1262 1617; x_wconf 83' lang='lat' dir='ltr'><strong>m</strong></span> 
     </span>
     <span class='ocr_line' id='line_1_12' title="bbox 115 1655 1209 1740; baseline -0.002 -18"><span class='ocrx_word' id='word_1_89' title='bbox 115 1655 173 1722; x_wconf 83' lang='lat' dir='ltr'><strong>Sed</strong></span> <span class='ocrx_word' id='word_1_90' title='bbox 195 1656 271 1722; x_wconf 92' lang='lat' dir='ltr'><strong>dicit</strong></span> <span class='ocrx_word' id='word_1_91' title='bbox 285 1657 411 1739; x_wconf 83' lang='lat' dir='ltr'><strong>aliquis:</strong></span> <span class='ocrx_word' id='word_1_92' title='bbox 434 1657 560 1740; x_wconf 73' lang='lat' dir='ltr'><strong>grenffis</strong></span> <span class='ocrx_word' id='word_1_93' title='bbox 584 1661 634 1720; x_wconf 89' lang='lat' dir='ltr'><strong>est</strong></span> <span class='ocrx_word' id='word_1_94' title='bbox 655 1655 743 1721; x_wconf 85' lang='lat' dir='ltr'><strong>labor</strong></span> <span class='ocrx_word' id='word_1_95' title='bbox 765 1656 926 1720; x_wconf 88' lang='lat' dir='ltr'><strong>inimicum</strong></span> <span class='ocrx_word' id='word_1_96' title='bbox 950 1655 1077 1740; x_wconf 84' lang='lat' dir='ltr'><strong>diligere</strong></span> <span class='ocrx_word' id='word_1_97' title='bbox 1101 1661 1133 1720; x_wconf 87' lang='lat' dir='ltr'><strong>et</strong></span> <span class='ocrx_word' id='word_1_98' title='bbox 1154 1675 1209 1740; x_wconf 93' lang='lat' dir='ltr'><strong>pro</strong></span> 
     </span>
     <span class='ocr_line' id='line_1_13' title="bbox 78 1761 1210 1845; baseline 0.001 -21"><span class='ocrx_word' id='word_1_99' title='bbox 78 1761 323 1840; x_wconf 77' lang='lat' dir='ltr'><strong>persecutoribus</strong></span> <span class='ocrx_word' id='word_1_100' title='bbox 346 1761 529 1844; x_wconf 81' lang='lat' dir='ltr'><strong>subplicere.</strong></span> <span class='ocrx_word' id='word_1_101' title='bbox 562 1779 619 1825; x_wconf 89' lang='lat' dir='ltr'><strong>neo</strong></span> <span class='ocrx_word' id='word_1_102' title='bbox 642 1779 698 1824; x_wconf 92' lang='lat' dir='ltr'><strong>nos</strong></span> <span class='ocrx_word' id='word_1_103' title='bbox 715 1779 877 1845; x_wconf 65' lang='lat' dir='ltr'><strong>negemus</strong></span> <span class='ocrx_word' id='word_1_104' title='bbox 900 1761 1022 1825; x_wconf 80' lang='lat' dir='ltr'><strong>fratres,</strong></span> <span class='ocrx_word' id='word_1_105' title='bbox 1054 1779 1116 1825; x_wconf 93' lang='lat' dir='ltr'><strong>non</strong></span> <span class='ocrx_word' id='word_1_106' title='bbox 1139 1778 1210 1844; x_wconf 87' lang='lat' dir='ltr'><strong>per-</strong></span> 
     </span>
     <span class='ocr_line' id='line_1_14' title="bbox 79 1865 1211 1949; baseline 0.002 -23"><span class='ocrx_word' id='word_1_107' title='bbox 79 1883 131 1929; x_wconf 90' lang='lat' dir='ltr'><strong>uns</strong></span> <span class='ocrx_word' id='word_1_108' title='bbox 146 1865 270 1947; x_wconf 85' lang='lat' dir='ltr'><strong>quidem</strong></span> <span class='ocrx_word' id='word_1_109' title='bbox 293 1865 382 1930; x_wconf 83' lang='lat' dir='ltr'><strong>letor·</strong></span> <span class='ocrx_word' id='word_1_110' title='bbox 405 1866 499 1930; x_wconf 85' lang='lat' dir='ltr'><strong>estin</strong></span> <span class='ocrx_word' id='word_1_111' title='bbox 523 1866 581 1931; x_wconf 85' lang='lat' dir='ltr'><strong>hoc</strong></span> <span class='ocrx_word' id='word_1_112' title='bbox 597 1866 731 1947; x_wconf 84' lang='lat' dir='ltr'><strong>soeculo,</strong></span> <span class='ocrx_word' id='word_1_113' title='bbox 755 1866 810 1930; x_wconf 88' lang='lat' dir='ltr'><strong>sed</strong></span> <span class='ocrx_word' id='word_1_114' title='bbox 832 1865 950 1949; x_wconf 83' lang='lat' dir='ltr'><strong>grande</strong></span> <span class='ocrx_word' id='word_1_115' title='bbox 966 1869 1015 1929; x_wconf 92' lang='lat' dir='ltr'><strong>est</strong></span> <span class='ocrx_word' id='word_1_116' title='bbox 1036 1866 1211 1948; x_wconf 80' lang='lat' dir='ltr'><strong>praemium</strong></span> 
     </span>
     <span class='ocr_line' id='line_1_15' title="bbox 79 1967 1210 2053; baseline 0.003 -22"><span class='ocrx_word' id='word_1_117' title='bbox 79 1967 106 2033; x_wconf 94' lang='lat' dir='ltr'><strong>in</strong></span> <span class='ocrx_word' id='word_1_118' title='bbox 133 1970 246 2035; x_wconf 86' lang='lat' dir='ltr'><strong>loturo.</strong></span> <span class='ocrx_word' id='word_1_119' title='bbox 282 1990 338 2053; x_wconf 87' lang='lat' dir='ltr'><strong>per</strong></span> <span class='ocrx_word' id='word_1_120' title='bbox 361 1989 499 2036; x_wconf 82' lang='lat' dir='ltr'><strong>amorem</strong></span> <span class='ocrx_word' id='word_1_121' title='bbox 523 1971 607 2035; x_wconf 92' lang='lat' dir='ltr'><strong>enim</strong></span> <span class='ocrx_word' id='word_1_122' title='bbox 630 1971 764 2035; x_wconf 89' lang='lat' dir='ltr'><strong>hominis</strong></span> <span class='ocrx_word' id='word_1_123' title='bbox 791 1971 906 2035; x_wconf 93' lang='lat' dir='ltr'><strong>inimici</strong></span> <span class='ocrx_word' id='word_1_124' title='bbox 933 1969 1064 2034; x_wconf 87' lang='lat' dir='ltr'><strong>efficeris</strong></span> <span class='ocrx_word' id='word_1_125' title='bbox 1092 1970 1210 2034; x_wconf 85' lang='lat' dir='ltr'><strong>amicus</strong></span> 
     </span>
     <span class='ocr_line' id='line_1_16' title="bbox 81 2073 1263 2156; baseline 0.003 -20"><span class='ocrx_word' id='word_1_126' title='bbox 81 2073 136 2154; x_wconf 88' lang='lat' dir='ltr'><strong>dei,</strong></span> <span class='ocrx_word' id='word_1_127' title='bbox 161 2075 257 2140; x_wconf 93' lang='lat' dir='ltr'><strong>immo</strong></span> <span class='ocrx_word' id='word_1_128' title='bbox 285 2092 347 2139; x_wconf 92' lang='lat' dir='ltr'><strong>uon</strong></span> <span class='ocrx_word' id='word_1_129' title='bbox 375 2077 477 2140; x_wconf 92' lang='lat' dir='ltr'><strong>solum</strong></span> <span class='ocrx_word' id='word_1_130' title='bbox 505 2077 624 2140; x_wconf 80' lang='lat' dir='ltr'><strong>amicus</strong></span> <span class='ocrx_word' id='word_1_131' title='bbox 651 2077 706 2140; x_wconf 91' lang='lat' dir='ltr'><strong>sed</strong></span> <span class='ocrx_word' id='word_1_132' title='bbox 735 2077 827 2140; x_wconf 83' lang='lat' dir='ltr'><strong>etiam</strong></span> <span class='ocrx_word' id='word_1_133' title='bbox 856 2075 948 2156; x_wconf 79' lang='lat' dir='ltr'><strong>filine,</strong></span> <span class='ocrx_word' id='word_1_134' title='bbox 976 2075 1059 2138; x_wconf 85' lang='lat' dir='ltr'><strong>sicut</strong></span> <span class='ocrx_word' id='word_1_135' title='bbox 1085 2079 1117 2138; x_wconf 92' lang='lat' dir='ltr'><strong>ct</strong></span> <span class='ocrx_word' id='word_1_136' title='bbox 1144 2075 1210 2156; x_wconf 89' lang='lat' dir='ltr'><strong>ipse</strong></span> <span class='ocrx_word' id='word_1_137' title='bbox 1238 2099 1263 2140; x_wconf 79' lang='lat'><strong>1⁵</strong></span> 
     </span>
     <span class='ocr_line' id='line_1_17' title="bbox 81 2177 1211 2263; baseline 0.002 -23"><span class='ocrx_word' id='word_1_138' title='bbox 81 2177 162 2242; x_wconf 88' lang='lat' dir='ltr'><strong>dixit:</strong></span> <span class='ocrx_word' id='word_1_139' title='bbox 189 2179 336 2263; x_wconf 85' lang='lat' dir='ltr'><strong>diligite</strong></span> <span class='ocrx_word' id='word_1_140' title='bbox 358 2180 529 2244; x_wconf 91' lang='lat' dir='ltr'><strong>inimicos</strong></span> <span class='ocrx_word' id='word_1_141' title='bbox 554 2185 700 2246; x_wconf 87' lang='lat' dir='ltr'><strong>uestros</strong></span> <span class='ocrx_word' id='word_1_142' title='bbox 724 2185 756 2244; x_wconf 90' lang='lat' dir='ltr'><strong>et</strong></span> <span class='ocrx_word' id='word_1_143' title='bbox 778 2185 889 2245; x_wconf 86' lang='lat' dir='ltr'><strong>cetere.</strong></span> <span class='ocrx_word' id='word_1_144' title='bbox 935 2181 960 2244; x_wconf 90' lang='lat' dir='ltr'><strong>si</strong></span> <span class='ocrx_word' id='word_1_145' title='bbox 977 2179 1133 2261; x_wconf 83' lang='lat' dir='ltr'><strong>tesliquis</strong></span> <span class='ocrx_word' id='word_1_146' title='bbox 1156 2197 1211 2260; x_wconf 95' lang='lat' dir='ltr'><strong>po-</strong></span> 
     </span>
     <span class='ocr_line' id='line_1_18' title="bbox 81 2283 1211 2367; baseline 0.002 -22"><span class='ocrx_word' id='word_1_147' title='bbox 81 2290 146 2346; x_wconf 83' lang='lat' dir='ltr'><strong>tens</strong></span> <span class='ocrx_word' id='word_1_148' title='bbox 174 2283 268 2348; x_wconf 93' lang='lat' dir='ltr'><strong>homo</strong></span> <span class='ocrx_word' id='word_1_149' title='bbox 299 2289 330 2348; x_wconf 89' lang='lat' dir='ltr'><strong>ct</strong></span> <span class='ocrx_word' id='word_1_150' title='bbox 356 2285 443 2348; x_wconf 89' lang='lat' dir='ltr'><strong>diues</strong></span> <span class='ocrx_word' id='word_1_151' title='bbox 473 2286 504 2349; x_wconf 93' lang='lat' dir='ltr'><strong>in</strong></span> <span class='ocrx_word' id='word_1_152' title='bbox 534 2285 593 2349; x_wconf 91' lang='lat' dir='ltr'><strong>hoc</strong></span> <span class='ocrx_word' id='word_1_153' title='bbox 621 2285 743 2350; x_wconf 82' lang='lat' dir='ltr'><strong>soeculo</strong></span> <span class='ocrx_word' id='word_1_154' title='bbox 774 2285 870 2349; x_wconf 89' lang='lat' dir='ltr'><strong>uellet</strong></span> <span class='ocrx_word' id='word_1_155' title='bbox 900 2283 1082 2367; x_wconf 86' lang='lat' dir='ltr'><strong>adoptiuum</strong></span> <span class='ocrx_word' id='word_1_156' title='bbox 1112 2283 1211 2348; x_wconf 85' lang='lat' dir='ltr'><strong>filium</strong></span> 
     </span>
     <span class='ocr_line' id='line_1_19' title="bbox 82 2385 1212 2472; baseline 0.004 -24"><span class='ocrx_word' id='word_1_157' title='bbox 82 2385 186 2468; x_wconf 84' lang='lat' dir='ltr'><strong>lacere,</strong></span> <span class='ocrx_word' id='word_1_158' title='bbox 214 2389 368 2470; x_wconf 86' lang='lat' dir='ltr'><strong>quomodo</strong></span> <span class='ocrx_word' id='word_1_159' title='bbox 392 2389 536 2470; x_wconf 79' lang='lat' dir='ltr'><strong>semime,</strong></span> <span class='ocrx_word' id='word_1_160' title='bbox 564 2407 641 2471; x_wconf 82' lang='lat' dir='ltr'><strong>quos</strong></span> <span class='ocrx_word' id='word_1_161' title='bbox 670 2389 899 2472; x_wconf 82' lang='lat' dir='ltr'><strong>indignationes</strong></span> <span class='ocrx_word' id='word_1_162' title='bbox 928 2389 1022 2453; x_wconf 83' lang='lat' dir='ltr'><strong>etiem</strong></span> <span class='ocrx_word' id='word_1_163' title='bbox 1050 2405 1212 2452; x_wconf 89' lang='lat' dir='ltr'><strong>seruorum</strong></span> 
     </span>
     <span class='ocr_line' id='line_1_20' title="bbox 82 2490 1213 2576; baseline 0.004 -24"><span class='ocrx_word' id='word_1_164' title='bbox 82 2490 152 2571; x_wconf 86' lang='lat' dir='ltr'><strong>eius,</strong></span> <span class='ocrx_word' id='word_1_165' title='bbox 183 2510 262 2574; x_wconf 81' lang='lat' dir='ltr'><strong>qnae</strong></span> <span class='ocrx_word' id='word_1_166' title='bbox 293 2494 420 2558; x_wconf 83' lang='lat' dir='ltr'><strong>seruitia</strong></span> <span class='ocrx_word' id='word_1_167' title='bbox 449 2493 618 2558; x_wconf 85' lang='lat' dir='ltr'><strong>durissime</strong></span> <span class='ocrx_word' id='word_1_168' title='bbox 649 2498 681 2558; x_wconf 88' lang='lat' dir='ltr'><strong>et</strong></span> <span class='ocrx_word' id='word_1_169' title='bbox 710 2493 875 2576; x_wconf 81' lang='lat' dir='ltr'><strong>aliquoties</strong></span> <span class='ocrx_word' id='word_1_170' title='bbox 905 2493 999 2557; x_wconf 85' lang='lat' dir='ltr'><strong>etiem</strong></span> <span class='ocrx_word' id='word_1_171' title='bbox 1029 2493 1213 2575; x_wconf 83' lang='lat' dir='ltr'><strong>turpissime</strong></span> 
     </span>
     <span class='ocr_line' id='line_1_21' title="bbox 82 2595 1265 2682; baseline 0.004 -25"><span class='ocrx_word' id='word_1_172' title='bbox 82 2595 255 2677; x_wconf 88' lang='lat' dir='ltr'><strong>sustineres,</strong></span> <span class='ocrx_word' id='word_1_173' title='bbox 279 2601 315 2661; x_wconf 93' lang='lat' dir='ltr'><strong>ut</strong></span> <span class='ocrx_word' id='word_1_174' title='bbox 335 2597 373 2660; x_wconf 84' lang='lat' dir='ltr'><strong>ed</strong></span> <span class='ocrx_word' id='word_1_175' title='bbox 396 2597 544 2662; x_wconf 76' lang='lat' dir='ltr'><strong>caducam</strong></span> <span class='ocrx_word' id='word_1_176' title='bbox 569 2604 598 2663; x_wconf 85' lang='lat' dir='ltr'><strong>et</strong></span> <span class='ocrx_word' id='word_1_177' title='bbox 621 2597 764 2682; x_wconf 80' lang='lat' dir='ltr'><strong>fragilem</strong></span> <span class='ocrx_word' id='word_1_178' title='bbox 787 2599 869 2662; x_wconf 91' lang='lat' dir='ltr'><strong>illius</strong></span> <span class='ocrx_word' id='word_1_179' title='bbox 892 2597 1070 2680; x_wconf 89' lang='lat' dir='ltr'><strong>peruenires</strong></span> <span class='ocrx_word' id='word_1_180' title='bbox 1092 2597 1212 2662; x_wconf 90' lang='lat' dir='ltr'><strong>heredi·</strong></span> <span class='ocrx_word' id='word_1_181' title='bbox 1239 2623 1265 2662; x_wconf 80' lang='lat' dir='ltr'><strong>ec</strong></span> 
     </span>
     <span class='ocr_line' id='line_1_22' title="bbox 83 2701 1212 2786; baseline 0.003 -23"><span class='ocrx_word' id='word_1_182' title='bbox 83 2701 184 2766; x_wconf 81' lang='lat' dir='ltr'><strong>tatem.</strong></span> <span class='ocrx_word' id='word_1_183' title='bbox 222 2702 306 2783; x_wconf 89' lang='lat' dir='ltr'><strong>quod</strong></span> <span class='ocrx_word' id='word_1_184' title='bbox 326 2720 398 2785; x_wconf 85' lang='lat' dir='ltr'><strong>ergo</strong></span> <span class='ocrx_word' id='word_1_185' title='bbox 417 2703 496 2766; x_wconf 87' lang='lat' dir='ltr'><strong>alius</strong></span> <span class='ocrx_word' id='word_1_186' title='bbox 517 2704 651 2768; x_wconf 87' lang='lat' dir='ltr'><strong>sustinet</strong></span> <span class='ocrx_word' id='word_1_187' title='bbox 672 2707 799 2786; x_wconf 89' lang='lat' dir='ltr'><strong>propter</strong></span> <span class='ocrx_word' id='word_1_188' title='bbox 815 2702 1023 2767; x_wconf 80' lang='lat' dir='ltr'><strong>substantiam</strong></span> <span class='ocrx_word' id='word_1_189' title='bbox 1046 2707 1212 2782; x_wconf 81' lang='lat' dir='ltr'><strong>terrenum,</strong></span> 
     </span>
     <span class='ocr_line' id='line_1_23' title="bbox 82 2805 1213 2889; baseline 0.004 -24"><span class='ocrx_word' id='word_1_190' title='bbox 82 2805 114 2866; x_wconf 87' lang='lat' dir='ltr'><strong>tn</strong></span> <span class='ocrx_word' id='word_1_191' title='bbox 137 2805 252 2870; x_wconf 87' lang='lat' dir='ltr'><strong>sustine</strong></span> <span class='ocrx_word' id='word_1_192' title='bbox 275 2811 400 2889; x_wconf 89' lang='lat' dir='ltr'><strong>propter</strong></span> <span class='ocrx_word' id='word_1_193' title='bbox 423 2808 522 2871; x_wconf 85' lang='lat' dir='ltr'><strong>uitem</strong></span> <span class='ocrx_word' id='word_1_194' title='bbox 546 2811 713 2872; x_wconf 80' lang='lat' dir='ltr'><strong>aeternam.</strong></span> <span class='ocrx_word' id='word_1_195' title='bbox 764 2807 977 2872; x_wconf 90' lang='lat' dir='ltr'><strong>conuinoimur</strong></span> <span class='ocrx_word' id='word_1_196' title='bbox 1000 2807 1082 2870; x_wconf 92' lang='lat' dir='ltr'><strong>enim</strong></span> <span class='ocrx_word' id='word_1_197' title='bbox 1106 2807 1213 2870; x_wconf 82' lang='lat' dir='ltr'><strong>certis·</strong></span> 
     </span>
     <span class='ocr_line' id='line_1_24' title="bbox 83 2907 1213 2996; baseline 0.003 -26"><span class='ocrx_word' id='word_1_198' title='bbox 83 2907 157 2974; x_wconf 84' lang='lat' dir='ltr'><strong>sime</strong></span> <span class='ocrx_word' id='word_1_199' title='bbox 170 2911 300 2990; x_wconf 79' lang='lat' dir='ltr'><strong>ratione,</strong></span> <span class='ocrx_word' id='word_1_200' title='bbox 324 2911 536 2996; x_wconf 76' lang='lat' dir='ltr'><strong>quiapropter</strong></span> <span class='ocrx_word' id='word_1_201' title='bbox 551 2913 644 2977; x_wconf 87' lang='lat' dir='ltr'><strong>deum</strong></span> <span class='ocrx_word' id='word_1_202' title='bbox 667 2912 823 2996; x_wconf 90' lang='lat' dir='ltr'><strong>possimus</strong></span> <span class='ocrx_word' id='word_1_203' title='bbox 839 2912 974 2994; x_wconf 87' lang='lat' dir='ltr'><strong>quidem,</strong></span> <span class='ocrx_word' id='word_1_204' title='bbox 998 2911 1052 2974; x_wconf 89' lang='lat' dir='ltr'><strong>sed</strong></span> <span class='ocrx_word' id='word_1_205' title='bbox 1067 2912 1213 2974; x_wconf 88' lang='lat' dir='ltr'><strong>nolumus</strong></span> 
     </span>
     <span class='ocr_line' id='line_1_25' title="bbox 82 3013 1214 3100; baseline 0.003 -24"><span class='ocrx_word' id='word_1_206' title='bbox 82 3013 220 3080; x_wconf 82' lang='lat' dir='ltr'><strong>iniuriam</strong></span> <span class='ocrx_word' id='word_1_207' title='bbox 251 3017 413 3080; x_wconf 86' lang='lat' dir='ltr'><strong>sustinere.</strong></span> <span class='ocrx_word' id='word_1_208' title='bbox 459 3017 590 3099; x_wconf 88' lang='lat' dir='ltr'><strong>denique</strong></span> <span class='ocrx_word' id='word_1_209' title='bbox 619 3017 644 3080; x_wconf 94' lang='lat' dir='ltr'><strong>si</strong></span> <span class='ocrx_word' id='word_1_210' title='bbox 672 3017 776 3099; x_wconf 79' lang='lat' dir='ltr'><strong>aliquo</strong></span> <span class='ocrx_word' id='word_1_211' title='bbox 804 3019 915 3100; x_wconf 85' lang='lat' dir='ltr'><strong>potens</strong></span> <span class='ocrx_word' id='word_1_212' title='bbox 944 3033 1077 3098; x_wconf 82' lang='lat' dir='ltr'><strong>persona</strong></span> <span class='ocrx_word' id='word_1_213' title='bbox 1106 3019 1214 3079; x_wconf 83' lang='lat' dir='ltr'><strong>contre</strong></span> 
     </span>
     <span class='ocr_line' id='line_1_26' title="bbox 83 3119 1266 3202; baseline 0.006 -23"><span class='ocrx_word' id='word_1_214' title='bbox 83 3133 137 3180; x_wconf 90' lang='lat' dir='ltr'><strong>nos</strong></span> <span class='ocrx_word' id='word_1_215' title='bbox 162 3119 305 3184; x_wconf 84' lang='lat' dir='ltr'><strong>iniurium</strong></span> <span class='ocrx_word' id='word_1_216' title='bbox 333 3120 440 3202; x_wconf 80' lang='lat' dir='ltr'><strong>locist,</strong></span> <span class='ocrx_word' id='word_1_217' title='bbox 470 3121 496 3185; x_wconf 87' lang='lat' dir='ltr'><strong>si</strong></span> <span class='ocrx_word' id='word_1_218' title='bbox 524 3123 618 3186; x_wconf 87' lang='lat' dir='ltr'><strong>etiem</strong></span> <span class='ocrx_word' id='word_1_219' title='bbox 647 3140 702 3187; x_wconf 90' lang='lat' dir='ltr'><strong>nos</strong></span> <span class='ocrx_word' id='word_1_220' title='bbox 729 3123 760 3186; x_wconf 91' lang='lat' dir='ltr'><strong>in</strong></span> <span class='ocrx_word' id='word_1_221' title='bbox 787 3122 900 3186; x_wconf 82' lang='lat' dir='ltr'><strong>faciem</strong></span> <span class='ocrx_word' id='word_1_222' title='bbox 928 3121 1009 3186; x_wconf 83' lang='lat' dir='ltr'><strong>mele</strong></span> <span class='ocrx_word' id='word_1_223' title='bbox 1037 3121 1129 3200; x_wconf 85' lang='lat' dir='ltr'><strong>dicet,</strong></span> <span class='ocrx_word' id='word_1_224' title='bbox 1156 3139 1214 3184; x_wconf 87' lang='lat' dir='ltr'><strong>nec</strong></span> <span class='ocrx_word' id='word_1_225' title='bbox 1240 3145 1266 3186; x_wconf 76' lang='lat'><strong>2⁵</strong></span> 
     </span>
     <span class='ocr_line' id='line_1_27' title="bbox 82 3225 1214 3310; baseline 0.005 -26"><span class='ocrx_word' id='word_1_226' title='bbox 82 3225 263 3306; x_wconf 89' lang='lat' dir='ltr'><strong>respondere</strong></span> <span class='ocrx_word' id='word_1_227' title='bbox 292 3226 408 3308; x_wconf 80' lang='lat' dir='ltr'><strong>aliqurid</strong></span> <span class='ocrx_word' id='word_1_228' title='bbox 437 3245 598 3310; x_wconf 83' lang='lat' dir='ltr'><strong>asperum,</strong></span> <span class='ocrx_word' id='word_1_229' title='bbox 633 3246 695 3291; x_wconf 90' lang='lat' dir='ltr'><strong>non</strong></span> <span class='ocrx_word' id='word_1_230' title='bbox 726 3227 826 3290; x_wconf 85' lang='lat' dir='ltr'><strong>dicem</strong></span> <span class='ocrx_word' id='word_1_231' title='bbox 856 3227 958 3291; x_wconf 86' lang='lat' dir='ltr'><strong>uicem</strong></span> <span class='ocrx_word' id='word_1_232' title='bbox 988 3225 1115 3290; x_wconf 87' lang='lat' dir='ltr'><strong>reddere</strong></span> <span class='ocrx_word' id='word_1_233' title='bbox 1146 3227 1214 3290; x_wconf 87' lang='lat' dir='ltr'><strong>ensi</strong></span> 
     </span>
     <span class='ocr_line' id='line_1_28' title="bbox 84 3329 1215 3414; baseline 0.006 -27"><span class='ocrx_word' id='word_1_234' title='bbox 84 3341 196 3392; x_wconf 88' lang='lat' dir='ltr'><strong>sumus.</strong></span> <span class='ocrx_word' id='word_1_235' title='bbox 235 3347 330 3411; x_wconf 85' lang='lat' dir='ltr'><strong>quere</strong></span> <span class='ocrx_word' id='word_1_236' title='bbox 352 3330 432 3394; x_wconf 76' lang='lat' dir='ltr'><strong>hoo?</strong></span> <span class='ocrx_word' id='word_1_237' title='bbox 470 3349 508 3394; x_wconf 85' lang='lat' dir='ltr'><strong>nc</strong></span> <span class='ocrx_word' id='word_1_238' title='bbox 532 3331 570 3395; x_wconf 87' lang='lat' dir='ltr'><strong>ob</strong></span> <span class='ocrx_word' id='word_1_239' title='bbox 594 3332 647 3396; x_wconf 85' lang='lat' dir='ltr'><strong>illo</strong></span> <span class='ocrx_word' id='word_1_240' title='bbox 668 3348 802 3413; x_wconf 84' lang='lat' dir='ltr'><strong>persona</strong></span> <span class='ocrx_word' id='word_1_241' title='bbox 823 3335 950 3414; x_wconf 87' lang='lat' dir='ltr'><strong>potente</strong></span> <span class='ocrx_word' id='word_1_242' title='bbox 974 3329 1073 3394; x_wconf 79' lang='lat' dir='ltr'><strong>adhuc</strong></span> <span class='ocrx_word' id='word_1_243' title='bbox 1097 3331 1215 3394; x_wconf 85' lang='lat' dir='ltr'><strong>maiore</strong></span> 
     </span>
     <span class='ocr_line' id='line_1_29' title="bbox 83 3435 1214 3520; baseline 0.004 -26"><span class='ocrx_word' id='word_1_244' title='bbox 83 3447 172 3510; x_wconf 84' lang='lat' dir='ltr'><strong>quam</strong></span> <span class='ocrx_word' id='word_1_245' title='bbox 199 3435 386 3518; x_wconf 84' lang='lat' dir='ltr'><strong>pertulimus</strong></span> <span class='ocrx_word' id='word_1_246' title='bbox 413 3435 578 3520; x_wconf 82' lang='lat' dir='ltr'><strong>patiemur.</strong></span> <span class='ocrx_word' id='word_1_247' title='bbox 625 3436 706 3518; x_wconf 90' lang='lat' dir='ltr'><strong>quod</strong></span> <span class='ocrx_word' id='word_1_248' title='bbox 733 3435 863 3501; x_wconf 80' lang='lat' dir='ltr'><strong>anobis</strong></span> <span class='ocrx_word' id='word_1_249' title='bbox 892 3439 1054 3518; x_wconf 84' lang='lat' dir='ltr'><strong>extorquet</strong></span> <span class='ocrx_word' id='word_1_250' title='bbox 1079 3435 1214 3500; x_wconf 91' lang='lat' dir='ltr'><strong>hominis</strong></span> 
     </span>
    </p>
   </div>
   <div class='ocr_carea' id='block_1_3' title="bbox 182 3641 1213 3713">
    <p class='ocr_par' dir='ltr' id='par_1_3' title="bbox 182 3641 1213 3713">
     <span class='ocr_line' id='line_1_30' title="bbox 182 3641 1213 3713; baseline -0.003 -15"><span class='ocrx_word' id='word_1_251' title='bbox 182 3641 209 3712; x_wconf 90' lang='lat'><strong>1]</strong></span> <span class='ocrx_word' id='word_1_252' title='bbox 227 3641 323 3698; x_wconf 67' lang='lat' dir='ltr'><strong>uasti.</strong></span> <span class='ocrx_word' id='word_1_253' title='bbox 338 3645 362 3708; x_wconf 84' lang='lat'><strong>5,</strong></span> <span class='ocrx_word' id='word_1_254' title='bbox 375 3644 417 3698; x_wconf 82' lang='lat' dir='ltr'><strong>oe.</strong></span> <span class='ocrx_word' id='word_1_255' title='bbox 470 3643 499 3713; x_wconf 87' lang='lat' dir='ltr'><strong>s]</strong></span> <span class='ocrx_word' id='word_1_256' title='bbox 520 3646 532 3699; x_wconf 96' lang='lat'>1</span> <span class='ocrx_word' id='word_1_257' title='bbox 553 3643 611 3700; x_wconf 80' lang='lat' dir='ltr'><strong>cor.</strong></span> <span class='ocrx_word' id='word_1_258' title='bbox 626 3645 666 3708; x_wconf 93' lang='lat'><strong>11,</strong></span> <span class='ocrx_word' id='word_1_259' title='bbox 679 3645 721 3700; x_wconf 82' lang='lat' dir='ltr'><strong>eo.</strong></span> <span class='ocrx_word' id='word_1_260' title='bbox 777 3643 821 3713; x_wconf 83' lang='lat' dir='ltr'><strong>io]</strong></span> <span class='ocrx_word' id='word_1_261' title='bbox 840 3643 937 3698; x_wconf 70' lang='lat' dir='ltr'><strong>naoth.</strong></span> <span class='ocrx_word' id='word_1_262' title='bbox 951 3647 974 3710; x_wconf 85' lang='lat'><strong>5,</strong></span> <span class='ocrx_word' id='word_1_263' title='bbox 988 3646 1035 3706; x_wconf 63' lang='lat' dir='ltr'><strong>sn</strong></span> <span class='ocrx_word' id='word_1_264' title='bbox 1054 3641 1117 3697; x_wconf 73' lang='lat' dir='ltr'><strong>nuc.</strong></span> <span class='ocrx_word' id='word_1_265' title='bbox 1133 3645 1157 3708; x_wconf 87' lang='lat' dir='ltr'><strong>e,</strong></span> <span class='ocrx_word' id='word_1_266' title='bbox 1172 3645 1213 3698; x_wconf 81' lang='lat'><strong>27.</strong></span> 
     </span>
    </p>
   </div>
   <div class='ocr_carea' id='block_1_4' title="bbox 85 3809 1215 4087">
    <p class='ocr_par' dir='ltr' id='par_1_4' title="bbox 85 3809 1215 4087">
     <span class='ocr_line' id='line_1_31' title="bbox 131 3809 1215 3912; baseline 0 -16"><span class='ocrx_word' id='word_1_267' title='bbox 131 3841 244 3898; x_wconf 82' lang='lat' dir='ltr'><strong>lofferis</strong></span> <span class='ocrx_word' id='word_1_268' title='bbox 263 3844 292 3898; x_wconf 90' lang='lat' dir='ltr'><em>D</em></span> <span class='ocrx_word' id='word_1_269' title='bbox 349 3843 478 3912; x_wconf 86' lang='lat' dir='ltr'><strong>2inqnid</strong></span> <span class='ocrx_word' id='word_1_270' title='bbox 497 3845 527 3900; x_wconf 92' lang='lat' dir='ltr'><strong><em>D</em></strong></span> <span class='ocrx_word' id='word_1_271' title='bbox 578 3843 782 3899; x_wconf 71' lang='lat' dir='ltr'><strong>ireconcilisrc</strong></span> <span class='ocrx_word' id='word_1_272' title='bbox 800 3845 840 3898; x_wconf 91' lang='lat' dir='ltr'><strong>D¹</strong></span> <span class='ocrx_word' id='word_1_273' title='bbox 899 3809 1021 3899; x_wconf 69' lang='lat' dir='ltr'><strong>tolleris</strong></span> <span class='ocrx_word' id='word_1_274' title='bbox 1041 3845 1070 3898; x_wconf 92' lang='lat' dir='ltr'><em>D</em></span> <span class='ocrx_word' id='word_1_275' title='bbox 1132 3841 1165 3896; x_wconf 84' lang='lat' dir='ltr'><strong>od</strong></span> <span class='ocrx_word' id='word_1_276' title='bbox 1187 3843 1215 3896; x_wconf 93' lang='lat' dir='ltr'><em>D</em></span> 
     </span>
     <span class='ocr_line' id='line_1_32' title="bbox 85 3925 1215 4010; baseline 0.003 -32"><span class='ocrx_word' id='word_1_277' title='bbox 85 3925 191 3982; x_wconf 77' lang='lat' dir='ltr'><strong>ocolus</strong></span> <span class='ocrx_word' id='word_1_278' title='bbox 208 3931 237 3986; x_wconf 91' lang='lat' dir='ltr'><em>D</em></span> <span class='ocrx_word' id='word_1_279' title='bbox 291 3931 504 4000; x_wconf 69' lang='lat' dir='ltr'><strong>&#39;ipsummirnus</strong></span> <span class='ocrx_word' id='word_1_280' title='bbox 519 3933 548 3986; x_wconf 90' lang='lat' dir='ltr'><em>D</em></span> <span class='ocrx_word' id='word_1_281' title='bbox 595 3931 713 3985; x_wconf 84' lang='lat' dir='ltr'><strong>accidere</strong></span> <span class='ocrx_word' id='word_1_282' title='bbox 726 3931 755 3986; x_wconf 90' lang='lat' dir='ltr'><em>D</em></span> <span class='ocrx_word' id='word_1_283' title='bbox 810 3935 839 3988; x_wconf 92' lang='lat' dir='ltr'><strong>ll</strong></span> <span class='ocrx_word' id='word_1_284' title='bbox 860 3930 967 4010; x_wconf 25' lang='lat' dir='ltr'><strong>siliquis·</strong></span> <span class='ocrx_word' id='word_1_285' title='bbox 984 3931 1012 3986; x_wconf 88' lang='lat' dir='ltr'><em>D</em></span> <span class='ocrx_word' id='word_1_286' title='bbox 1059 3929 1215 3998; x_wconf 86' lang='lat' dir='ltr'><strong>dilegereD</strong></span> 
     </span>
     <span class='ocr_line' id='line_1_33' title="bbox 88 4014 1215 4087; baseline 0.002 -20"><span class='ocrx_word' id='word_1_287' title='bbox 88 4014 120 4067; x_wconf 84' lang='lat'><strong>12</strong></span> <span class='ocrx_word' id='word_1_288' title='bbox 140 4031 248 4082; x_wconf 72' lang='lat' dir='ltr'><strong>paruum</strong></span> <span class='ocrx_word' id='word_1_289' title='bbox 271 4019 301 4073; x_wconf 93' lang='lat' dir='ltr'><em>D</em></span> <span class='ocrx_word' id='word_1_290' title='bbox 363 4021 395 4074; x_wconf 80' lang='lat'><strong>13</strong></span> <span class='ocrx_word' id='word_1_291' title='bbox 420 4017 509 4072; x_wconf 85' lang='lat' dir='ltr'><strong>labore</strong></span> <span class='ocrx_word' id='word_1_292' title='bbox 530 4021 558 4074; x_wconf 89' lang='grc' dir='ltr'><strong>Ι)</strong></span> <span class='ocrx_word' id='word_1_293' title='bbox 625 4017 756 4087; x_wconf 86' lang='lat' dir='ltr'><strong>premium</strong></span> <span class='ocrx_word' id='word_1_294' title='bbox 780 4020 809 4074; x_wconf 95' lang='lat' dir='ltr'><em>D</em></span> <span class='ocrx_word' id='word_1_295' title='bbox 878 4021 908 4074; x_wconf 78' lang='lat'><strong>17</strong></span> <span class='ocrx_word' id='word_1_296' title='bbox 933 4017 1056 4087; x_wconf 85' lang='lat' dir='ltr'><strong>uellitD</strong></span> <span class='ocrx_word' id='word_1_297' title='bbox 1117 4014 1215 4070; x_wconf 86' lang='lat' dir='ltr'><strong>edob-</strong></span> 
     </span>
    </p>
   </div>
   <div class='ocr_carea' id='block_1_5' title="bbox 86 4097 1217 4462">
    <p class='ocr_par' dir='ltr' id='par_1_5' title="bbox 86 4097 1217 4462">
     <span class='ocr_line' id='line_1_34' title="bbox 87 4097 1215 4200; baseline 0.007 -25"><span class='ocrx_word' id='word_1_298' title='bbox 87 4123 156 4178; x_wconf 78' lang='lat' dir='ltr'><strong>rimo</strong></span> <span class='ocrx_word' id='word_1_299' title='bbox 171 4129 199 4183; x_wconf 92' lang='lat' dir='ltr'><em>D</em></span> <span class='ocrx_word' id='word_1_300' title='bbox 252 4133 287 4187; x_wconf 91' lang='grc'><strong>20</strong></span> <span class='ocrx_word' id='word_1_301' title='bbox 306 4097 444 4185; x_wconf 65' lang='lat' dir='ltr'><strong>sustineris</strong></span> <span class='ocrx_word' id='word_1_302' title='bbox 463 4132 492 4186; x_wconf 92' lang='lat' dir='ltr'><em>D</em></span> <span class='ocrx_word' id='word_1_303' title='bbox 544 4131 688 4200; x_wconf 55' lang='lat' dir='ltr'><strong>fregnllellil&#39;</strong></span> <span class='ocrx_word' id='word_1_304' title='bbox 705 4133 775 4198; x_wconf 73' lang='lat' dir='ltr'><strong>(erat</strong></span> <span class='ocrx_word' id='word_1_305' title='bbox 798 4131 854 4186; x_wconf 88' lang='lat' dir='ltr'><strong>eius</strong></span> <span class='ocrx_word' id='word_1_306' title='bbox 876 4133 908 4186; x_wconf 76' lang='lat' dir='ltr'><strong>in</strong></span> <span class='ocrx_word' id='word_1_307' title='bbox 929 4133 996 4199; x_wconf 82' lang='lat' dir='ltr'><strong>rue.)</strong></span> <span class='ocrx_word' id='word_1_308' title='bbox 1013 4131 1043 4186; x_wconf 96' lang='lat' dir='ltr'><em>D</em></span> <span class='ocrx_word' id='word_1_309' title='bbox 1099 4133 1133 4186; x_wconf 92' lang='grc'><strong>22</strong></span> <span class='ocrx_word' id='word_1_310' title='bbox 1154 4144 1215 4198; x_wconf 88' lang='lat' dir='ltr'><strong>pro·</strong></span> 
     </span>
     <span class='ocr_line' id='line_1_35' title="bbox 86 4217 1216 4287; baseline 0.002 -17"><span class='ocrx_word' id='word_1_311' title='bbox 86 4217 290 4279; x_wconf 70' lang='lat' dir='ltr'><strong>pter-sustine</strong></span> <span class='ocrx_word' id='word_1_312' title='bbox 317 4219 347 4272; x_wconf 93' lang='lat' dir='ltr'><em>D</em></span> <span class='ocrx_word' id='word_1_313' title='bbox 372 4219 450 4287; x_wconf 75' lang='lat' dir='ltr'><strong>infra</strong></span> <span class='ocrx_word' id='word_1_314' title='bbox 471 4219 503 4273; x_wconf 74' lang='lat' dir='ltr'><strong>in</strong></span> <span class='ocrx_word' id='word_1_315' title='bbox 525 4235 609 4287; x_wconf 79' lang='lat' dir='ltr'><strong>morp.</strong></span> <span class='ocrx_word' id='word_1_316' title='bbox 685 4220 720 4273; x_wconf 80' lang='grc'><strong>24</strong></span> <span class='ocrx_word' id='word_1_317' title='bbox 741 4225 805 4274; x_wconf 73' lang='lat' dir='ltr'><strong>onie</strong></span> <span class='ocrx_word' id='word_1_318' title='bbox 831 4219 960 4273; x_wconf 74' lang='lat' dir='ltr'><strong>susbuerc</strong></span> <span class='ocrx_word' id='word_1_319' title='bbox 987 4235 1112 4274; x_wconf 76' lang='lat' dir='ltr'><strong>rasuram</strong></span> <span class='ocrx_word' id='word_1_320' title='bbox 1138 4219 1216 4273; x_wconf 76' lang='lat' dir='ltr'><strong>tate</strong></span> 
     </span>
     <span class='ocr_line' id='line_1_36' title="bbox 89 4299 1217 4372; baseline 0.004 -16"><span class='ocrx_word' id='word_1_321' title='bbox 89 4299 127 4366; x_wconf 83' lang='grc' dir='ltr'><strong>Ι),</strong></span> <span class='ocrx_word' id='word_1_322' title='bbox 146 4301 175 4356; x_wconf 72' lang='lat' dir='ltr'><strong>io</strong></span> <span class='ocrx_word' id='word_1_323' title='bbox 194 4321 245 4372; x_wconf 78' lang='lat' dir='ltr'><strong>pne</strong></span> <span class='ocrx_word' id='word_1_324' title='bbox 267 4303 350 4360; x_wconf 72' lang='lat' dir='ltr'><strong>faeiat</strong></span> <span class='ocrx_word' id='word_1_325' title='bbox 371 4311 429 4360; x_wconf 82' lang='lat' dir='ltr'><strong>eret</strong></span> <span class='ocrx_word' id='word_1_326' title='bbox 490 4307 524 4360; x_wconf 89' lang='grc'><strong>26</strong></span> <span class='ocrx_word' id='word_1_327' title='bbox 551 4303 678 4372; x_wconf 79' lang='lat' dir='ltr'><strong>lllreodere</strong></span> <span class='ocrx_word' id='word_1_328' title='bbox 702 4307 730 4360; x_wconf 91' lang='lat' dir='ltr'><em>D</em></span> <span class='ocrx_word' id='word_1_329' title='bbox 757 4307 825 4372; x_wconf 80' lang='lat' dir='ltr'><strong>(erat</strong></span> <span class='ocrx_word' id='word_1_330' title='bbox 857 4321 885 4359; x_wconf 86' lang='lat' dir='ltr'><strong>re</strong></span> <span class='ocrx_word' id='word_1_331' title='bbox 906 4307 936 4360; x_wconf 77' lang='lat' dir='ltr'><strong>in</strong></span> <span class='ocrx_word' id='word_1_332' title='bbox 955 4305 1020 4372; x_wconf 81' lang='lat' dir='ltr'><strong>rae.)</strong></span> <span class='ocrx_word' id='word_1_333' title='bbox 1090 4305 1160 4358; x_wconf 78' lang='lat' dir='ltr'><strong>aussi</strong></span> <span class='ocrx_word' id='word_1_334' title='bbox 1189 4307 1217 4360; x_wconf 90' lang='lat' dir='ltr'><em>D</em></span> 
     </span>
     <span class='ocr_line' id='line_1_37' title="bbox 87 4387 546 4462; baseline 0.02 -25"><span class='ocrx_word' id='word_1_335' title='bbox 87 4387 261 4456; x_wconf 67' lang='lat' dir='ltr'><strong>tenellulo</strong></span> <span class='ocrx_word' id='word_1_336' title='bbox 306 4395 341 4449; x_wconf 89' lang='grc'><strong>28</strong></span> <span class='ocrx_word' id='word_1_337' title='bbox 357 4391 498 4462; x_wconf 82' lang='lat' dir='ltr'><strong>ptullimus</strong></span> <span class='ocrx_word' id='word_1_338' title='bbox 517 4393 546 4446; x_wconf 91' lang='lat' dir='ltr'><em>D</em></span> 
     </span>
    </p>
   </div>
   <div class='ocr_carea' id='block_1_6' title="bbox 0 0 1476 4924">
    <p class='ocr_par' dir='ltr' id='par_1_6' title="bbox 0 0 1476 4924">
     <span class='ocr_line' id='line_1_38' title="bbox 0 0 1476 4924; baseline 0 0"><span class='ocrx_word' id='word_1_339' title='bbox 0 0 1476 4924; x_wconf 95' lang='lat' dir='ltr'><strong> </strong></span> 
     </span>
    </p>
   </div>
  </div>
 </body>
</html>
