2924 4924
527 438 592 494 1111.
612 439 722 493 Sermo
740 441 764 495 9.
1154 437 1216 504 257

76 615 227 680 iudicium
251 635 323 680 oum
345 616 512 679 maiestate
536 619 714 680 uenturum.
761 615 803 679 sit
822 615 911 697 quasi
934 615 1030 679 trium
1052 633 1218 680 munerum

74 720 192 785 oblatio
220 721 370 784 trinitatis
396 719 535 802 perlaeta
563 719 727 784 confessio.
781 719 924 784 oredatur
952 737 970 783 a
997 718 1086 784 nobis
1113 719 1218 783 unitas

74 825 144 888 sine
172 824 353 889 oonfusione
381 825 560 904 coniunota,
589 823 712 888 trinitas
739 824 807 888 sine
836 824 1032 907 separatione
1061 823 1217 888 distinota.

74 931 167 1012 pater
194 931 226 992 et
253 927 336 992 lilius
364 931 396 992 et
423 928 550 1010 spiritus
579 933 706 992 sanetus
734 947 814 992 unus
843 928 919 992 deus
947 927 1127 1008 oredantur,
1155 932 1218 991 tres

74 1049 229 1116 personae
245 1037 277 1097 et
299 1049 362 1097 non
385 1035 449 1096 tres
465 1031 668 1096 substantiae.
703 1035 856 1114 quantum
880 1035 985 1096 autem
1008 1032 1047 1096 ed
1076 1032 1218 1096 caelestis
1258 1059 1271 1099 a

75 1141 208 1200 naturae
235 1137 378 1201 ordinem
405 1137 551 1220 pertinet,
582 1137 615 1200 in
642 1140 731 1219 patre
759 1141 791 1201 et
817 1136 882 1200 filio
911 1141 943 1200 et
971 1137 1082 1219 spiritu
1110 1140 1218 1200 sancto

74 1242 122 1305 ita
144 1241 321 1306 confitenda
343 1245 392 1306 est
414 1259 478 1305 una
500 1241 659 1321 diuinitas
686 1245 722 1305 ut
749 1259 807 1305 neo
834 1241 1001 1324 singularis
1033 1245 1159 1324 putetur
1188 1241 1218 1304 in

75 1347 217 1410 trinitate
232 1363 366 1429 persona
381 1363 438 1409 nee
453 1345 565 1428 triplex
582 1346 614 1409 in
637 1346 757 1410 unitate
781 1345 968 1426 substantia,
993 1345 1048 1409 sed
1070 1346 1114 1410 ita
1137 1345 1220 1408 adsi-

75 1454 193 1534 gnetur
215 1450 379 1534 pluralitas
394 1449 519 1530 unitati,
543 1469 582 1514 ne
598 1449 800 1514 subtrahatur
821 1450 993 1532 aequalitas
1009 1450 1154 1530 trinitati,
1178 1454 1220 1531 et,

76 1555 152 1618 lioet
173 1555 401 1620 intromittatur
423 1555 455 1618 in
472 1572 535 1619 una
550 1555 714 1620 diuinitate
730 1556 948 1636 numerositas,
972 1574 1034 1620 non
1057 1555 1098 1619 sit
1112 1559 1220 1619 tamen
1248 1581 1273 1621 ro

76 1659 256 1742 recipienda
283 1659 457 1724 diuersitas.
507 1660 554 1723 ita
576 1677 649 1743 ergo
677 1659 814 1724 fidolium
843 1659 987 1724 cordibus
1010 1659 1220 1743 disponendus

78 1767 127 1827 est
150 1763 201 1828 dei
229 1763 341 1845 cultura,
365 1767 485 1828 utnon
508 1764 693 1828 admittatur
715 1763 767 1829 uel
793 1765 825 1828 in
849 1764 970 1828 unitate
993 1765 1146 1848 separatio
1169 1763 1221 1827 uel

78 1869 110 1932 in
132 1868 274 1932 trinitate
297 1869 470 1952 permixtio.

122 1971 270 2037 Ptoxima
285 1972 370 2036 enim
390 1975 439 2037 est
462 1971 500 2036 ab
524 1972 663 2053 hoodie,
685 1973 803 2040 fratres,
817 1973 980 2054 carissimi,
1004 1973 1084 2037 seori
1106 1973 1220 2037 natalis

80 2077 157 2140 dies.
192 2079 268 2141 tuno
290 2077 435 2141 dominus
463 2081 636 2158 natusest,
666 2095 749 2141 nuno
776 2076 962 2161 baptizatus,
990 2081 1065 2142 tuno
1088 2095 1144 2142 nos
1167 2097 1222 2162 ge·
1248 2101 1273 2142 n

81 2182 149 2245 nuit
171 2181 211 2245 ad
233 2180 342 2261 uitam,
366 2199 450 2246 nuno
469 2182 667 2265 regenerauit
689 2181 728 2246 ad
751 2181 895 2246 salutem.
932 2185 1007 2246 tune
1026 2181 1130 2246 Adam
1153 2201 1223 2245 sus-

81 2286 164 2368 oepit
179 2285 346 2368 perditum,
370 2304 454 2350 nuno
475 2286 575 2350 abluit
598 2290 804 2369 peecatorem.
835 2287 924 2350 uenit
946 2304 1019 2370 ergo
1042 2285 1082 2351 ad
1103 2284 1223 2370 baptis-

82 2407 180 2470 mum,
203 2390 285 2454 sieut
308 2390 460 2473 seriptum
483 2393 541 2454 est.
566 2391 620 2454 sed
637 2390 711 2472 quid
735 2389 886 2472 ablueret,
910 2391 1046 2473 quierat
1065 2391 1223 2454 mundus?

82 2495 190 2576 utique
217 2497 253 2558 ut
281 2494 417 2558 mundus
446 2494 588 2558 ablueret
615 2493 792 2559 inmundos.
842 2495 933 2558 illum
961 2513 1034 2579 ergo
1062 2499 1223 2559 currentes

82 2615 182 2680 aquae
205 2601 281 2662 tuno
304 2598 522 2680 infundebant,
553 2598 609 2662 sed
631 2601 759 2682 peooata
781 2601 888 2663 nostra
911 2617 1019 2663 seeum
1042 2599 1220 2682 portabant.
1250 2625 1276 2664 20

82 2702 122 2764 de
136 2703 188 2766 illo
204 2706 313 2787 guttae
328 2703 529 2787 baptismatis
545 2701 696 2784 fluebant,
719 2703 774 2767 sed
794 2703 949 2768 nostruin
972 2705 1070 2787 guttis
1094 2705 1224 2768 erimina

82 2805 271 2872 defluebant.
311 2825 329 2872 o
353 2807 564 2872 misericordia
588 2807 683 2872 simul
706 2811 738 2871 st
760 2808 901 2891 potentia
921 2807 1051 2872 domini!
1090 2807 1224 2871 neudum

82 2927 207 2976 eramus
235 2913 268 2976 in
292 2912 408 2976 mundo
431 2916 464 2977 et
490 2913 553 2976 iam
576 2911 781 2976 abluebamur
809 2911 841 2976 in
868 2911 1036 2994 baptismo.
1082 2911 1224 2975 mundati

130 3215 348 3284 lmogestateP
398 3215 434 3268 sit
452 3216 533 3285 nup,
552 3214 729 3282 sioDMoa,
747 3213 793 3268 sed
807 3215 835 3269 P
888 3213 1022 3270 aeblatio
1042 3232 1092 3270 om.
1105 3215 1222 3319 qu'

85 3325 207 3380 credatur
224 3343 241 3380 a
259 3326 336 3381 nobis
349 3327 430 3383 Dbis
483 3326 580 3396 ullnitas
593 3328 631 3396 D,
649 3327 742 3382 unaP
792 3327 994 3382 3oonfuasioue
1007 3327 1045 3397 D,
1063 3327 1225 3383 confessione

85 3413 115 3468 P
130 3415 158 3480 (u
176 3432 247 3470 moa.
261 3415 320 3481 alt.)
373 3414 465 3468 innota
481 3415 509 3469 P
560 3415 691 3484 reparatio
709 3415 739 3469 D
792 3413 919 3516 minnota
937 3415 966 3469 D
983 3416 1154 3484 (orosam),
1173 3415 1226 3469 dis-

85 3526 215 3582 iunctaP
266 3525 424 3582 lorodatur
437 3527 467 3582 D
519 3527 599 3582 5sed
616 3528 644 3582 P
695 3526 1005 3596 aaslostemP(isman.
1019 3529 1078 3594 alt.)
1131 3531 1226 3582 loon-

85 3611 197 3667 fidenter
214 3615 255 3669 D¹
326 3613 472 3683 lineolae
490 3615 519 3668 D
583 3612 748 3668 substantiae
766 3615 805 3668 D¹
875 3614 1012 3669 9unitate
1030 3615 1070 3669 D¹
1135 3631 1183 3682 nep
1201 3616 1229 3670 P

86 3699 199 3754 trinitati
222 3699 397 3755 subtrahatur
419 3700 564 3769 aequalitas
583 3703 611 3756 P
679 3700 833 3770 aequalitas
856 3701 885 3756 D
955 3702 1001 3755 sed
1019 3702 1047 3754 P
1117 3705 1149 3757 10
1172 3701 1227 3755 dei·

86 3813 186 3868 tatoP
237 3817 268 3870 ll
289 3812 479 3882 dispondemus
497 3815 527 3868 D
557 3771 757 3917 ¹12⁸dmittatur
775 3815 804 3868 D
857 3815 987 3884 soporatio
1000 3815 1029 3868 D
1084 3817 1115 3870 13
1131 3815 1226 3884 ρωὶιξζ-

86 3925 127 3976 tio
146 3926 172 3979 D
234 3929 267 3982 14
285 3929 326 3980 eat
344 3927 436 3982 om.P
496 3942 569 3980 saure
587 3929 615 3982 P
677 3929 708 3982 15
727 3927 769 3980 die
789 3927 816 3981 P
873 3935 951 3981 natus
970 3945 991 3980 e.
1011 3925 1077 3981 d.P
1139 3925 1227 3980 babti-

86 4014 161 4064 zatus
181 4014 218 4082 D,
241 4015 350 4067 ranatus
373 4014 400 4067 P
464 4029 511 4068 noa
534 4031 670 4084 reprobor.
695 4015 724 4068 D
795 4017 827 4070 16
853 4013 978 4084 salutem]
1005 4013 1226 4083 perfectissimam

87 4097 172 4153 uitam
190 4101 218 4155 P
277 4100 389 4170 suscipit
407 4101 437 4156 D
500 4103 531 4156 17
550 4100 628 4168 pditu
646 4103 675 4156 D
741 4100 904 4156 babtismum
923 4103 952 4156 D
1016 4105 1048 4158 18
1066 4101 1181 4155 abluerit
1200 4103 1228 4156 D

89 4187 124 4240 19
144 4184 254 4242 abluerit
271 4205 304 4243 ex
322 4187 437 4242 ablueris
456 4189 485 4243 D
549 4205 612 4258 ergo
630 4207 679 4246 om.
700 4191 729 4244 D
790 4191 824 4245 20
843 4193 921 4258 atqua
940 4191 973 4254 P,
992 4193 1087 4257 atquae
1106 4189 1135 4244 D
1187 4189 1227 4242 in-

87 4266 217 4354 fndanssr
235 4301 308 4368 P(n
325 4303 470 4370 mauult.)
540 4303 572 4358 21
592 4301 762 4356 babtismatis
781 4304 810 4358 D
874 4302 990 4356 cremina
1008 4303 1037 4356 D
1089 4303 1122 4357 22
1142 4301 1183 4354 dei
1204 4304 1230 4356 P

88 4387 126 4441 23
146 4383 275 4441 abluimur
294 4389 322 4442 P
372 4387 506 4442 babtismo
524 4407 557 4444 aa
573 4388 743 4443 babtismatis
763 4391 792 4444 D

147 4477 195 4523 uxr.
210 4483 281 4526 rtur.
1041 4479 1072 4528 11
