2924 4924
230 355 294 418 280
634 354 699 407 ΠΗ.
719 353 827 407 Sermo
849 356 956 409 14-15.

231 532 368 611 meliora,
393 531 467 594 dnm
490 532 523 594 in
546 533 653 596 nostra
675 533 749 594 sunt
770 533 926 612 potestate
948 529 1094 594 remedia.
1132 530 1183 594 hie
1208 531 1350 614 extingua-

231 655 301 700 mus
325 639 459 700 mortem
482 635 640 700 moriendo
663 635 809 718 peccatis,
832 635 882 698 hie
897 635 995 698 uitam
1012 635 1096 698 uitae
1119 636 1238 700 meritis
1259 635 1351 716 adqui-

231 761 337 806 ramus
360 761 415 824 per
439 761 520 822 eum,
544 742 596 823 qui
612 759 683 804 oum
707 745 794 824 patre
817 741 894 806 uiuit
917 745 948 804 et
970 744 1081 822 regnat
1103 741 1133 804 in
1154 741 1278 814 saecula
1297 759 1352 806 sae·

233 847 382 912 culorum.
406 845 520 910 Amen.

770 1003 837 1066 XV.

560 1147 603 1186 DE
625 1146 745 1188 nummo
768 1146 1045 1195 Qununnonsfflnn.

276 1265 366 1344 ane,
388 1264 501 1328 fratres
525 1264 729 1344 dilectissimi,
754 1264 817 1328 dies
834 1265 1089 1348 quadragesimae
1113 1269 1240 1330 sanotae
1256 1271 1285 1330 et
1305 1265 1355 1346 spi·

233 1370 338 1434 ritales
362 1369 424 1432 iam
448 1369 480 1432 in
502 1369 641 1452 proximo
665 1373 748 1448 sunt,
772 1369 932 1451 inquibus
957 1369 1091 1452 eorporis
1114 1370 1229 1434 damna
1250 1371 1281 1434 in
1302 1369 1357 1432 ani·
1430 1405 1431 1414 1

235 1493 304 1538 mae
328 1475 493 1536 transeunt
515 1473 609 1536 luera.
635 1477 666 1536 et
685 1473 764 1554 ideo,
790 1473 870 1554 quia,
895 1474 976 1536 siout
999 1473 1156 1556 apostolus
1177 1475 1260 1554 dicit,
1282 1479 1356 1538 tern-

184 1604 208 1642 ιο
234 1599 301 1663 pus
332 1575 565 1659 acceptabile
597 1581 632 1640 et
662 1577 741 1640 dies
774 1578 908 1642 salutis
940 1577 1122 1658 adueninnt,
1150 1582 1306 1660 tamquam
1326 1577 1357 1640 ad
1430 1585 1431 1652 l

236 1683 406 1766 spiritalem
435 1681 624 1745 uindemiam
649 1687 771 1746 nostros
796 1683 916 1746 animos
944 1699 1165 1765 praeparemus
1189 1686 1222 1746 et
1248 1683 1358 1747 1111111-
1430 1667 1431 1672 ἵ

236 1806 306 1851 aare
330 1787 386 1851 deo
410 1787 602 1865 studeamus,
626 1787 715 1850 utin
739 1787 806 1850 istis
829 1787 936 1868 paucis
958 1786 1078 1866 diebus,
1102 1787 1182 1868 quod
1206 1786 1293 1850 nobis
1313 1804 1360 1868 per

237 1897 338 1958 totum
370 1910 487 1955 annum
519 1889 664 1970 sufficiat,
696 1909 885 1974 congregare
915 1891 1080 1973 possimus.
1128 1891 1165 1954 de
1195 1892 1262 1956 istis
1288 1891 1358 1954 enim

237 1996 398 2061 dominum
422 1995 530 2059 diebus
554 1995 667 2058 dixisse
691 1995 847 2058 credimus
870 2014 924 2077 per
946 1995 1146 2078 prophetam:
1184 1996 1221 2059 in
1244 1995 1360 2059 diebus

186 2125 210 2164 1⁵
237 2100 519 2166 solemnitatum
559 2105 767 2163 uestrarum
806 2099 1003 2183 adfligetis
1037 2100 1179 2164 animas
1217 2104 1359 2163 uestras.

237 2224 332 2288 qnare
348 2205 406 2268 hoe
429 2205 524 2268 dixit?
547 2204 619 2286 quia
642 2204 755 2268 ieiunia
778 2209 809 2268 et
830 2205 955 2287 uigiliae
979 2207 1011 2268 et
1034 2209 1160 2268 sanotae
1183 2203 1361 2268 adflictiones

160 2346 163 2352 ·
237 2309 401 2374 humiliata
431 2326 559 2390 corpora
592 2313 762 2388 macerant,
796 2309 850 2372 sed
885 2309 1041 2373 maculata
1075 2309 1168 2372 eorda
1200 2307 1361 2390 purificant,

238 2413 388 2478 membris
422 2412 613 2477 subtrahunt
643 2412 873 2492 fortitudinem,
908 2413 962 2477 sed
993 2413 1189 2477 conscientiis
1220 2412 1362 2477 adducunt

239 2519 382 2582 nitorem.
428 2517 614 2582 lassitudine
643 2517 727 2580 enim
755 2535 918 2600 corporum
946 2517 1142 2582 redimuntur
1170 2517 1296 2582 crimina
1316 2533 1363 2577 uo·

188 2646 213 2684 11
239 2623 406 2702 luntatum,
430 2641 484 2705 per
500 2621 594 2684 durae
610 2622 708 2684 erucis
725 2621 870 2686 exercitia
884 2622 1005 2685 luxuria
1021 2622 1071 2685 uel
1087 2622 1189 2685 oannis
1205 2621 1363 2704 puniuntur

240 2726 363 2810 gaudia,
387 2745 423 2791 ao
439 2726 483 2792 sic
506 2726 743 2790 mortificatione
767 2727 923 2808 praesenti
946 2727 1068 2790 futurae
1091 2727 1200 2790 mortis
1223 2722 1363 2790 sententia

344 2942 372 3011 9]
391 2944 407 2997 2
426 2941 484 2997 Cor.
499 2943 522 3004 6,
536 2944 559 2997 2.
617 2941 659 3010 11]
678 2941 741 2995 Len.
758 2944 797 3004 16,
811 2944 851 2995 211,

286 3151 346 3205 lin
365 3155 455 3204 nostra
474 3168 506 3206 ec
525 3155 644 3204 monstra
662 3151 691 3205 Ι)
760 3151 955 3218 extin'fguamus
974 3152 1003 3204 D
1072 3151 1264 3206 amererisP
1326 3145 1365 3200 ad-

241 3230 376 3332 quiramus),
400 3280 573 3332 conparemus
595 3264 622 3318 P
691 3267 707 3318 3
734 3279 780 3332 per
805 3263 877 3332 eum]
901 3268 1052 3332 praestante
1076 3263 1184 3318 domino
1207 3269 1294 3318 nostro
1314 3261 1365 3314 Iesu

242 3349 347 3403 Christo
367 3352 473 3419 PAuq.
545 3366 605 3402 cnm
623 3353 698 3418 patre
718 3368 767 3406 om.
783 3351 810 3404 P
878 3352 894 3404 6
917 3350 978 3421 inopi
998 3367 1083 3404 senno
1102 3350 1213 3404 faustini
1233 3351 1264 3404 do
1280 3347 1367 3402 ieiunio

242 3437 461 3506 quadragensimo
480 3437 509 3490 D
580 3437 669 3490 'ldies
689 3439 717 3491 Ι)
735 3439 765 3490 ire
784 3457 836 3492 ros.
909 3437 1128 3506 ‹prradragensime
1149 3439 1179 3492 D
1250 3433 1368 3507 spiritales

241 3525 346 3594 scripsi,
367 3523 493 3592 spiritalis
512 3525 541 3577 1)
610 3527 626 3580 8
649 3524 676 3576 in
696 3531 759 3593 post
778 3523 875 3577 (lamna
893 3525 1000 3593 addidi,
1026 3527 1055 3578 111
1073 3526 1102 3579 D
1120 3543 1219 3579 rasura
1238 3529 1327 3587 arslot,
1344 3523 1368 3574 iu

242 3631 295 3681 quo
314 3611 400 3663 anime
418 3612 502 3679 fuisse
520 3611 630 3664 uidetur
682 3613 698 3666 9
717 3614 856 3664 transeunt
870 3612 898 3665 D
910 3613 949 3678 (sc
967 3613 998 3666 e'a
1016 3613 1083 3678 rae.)
1137 3615 1165 3666 11
1188 3607 1368 3665 uendemeal)

242 3699 325 3752 etita
343 3713 436 3750 uracarc
454 3699 560 3766 scripsi,
580 3698 627 3750 etit
647 3714 739 3750 uocare
758 3699 787 3752 D
851 3701 881 3753 12
901 3697 1050 3752 studiamns
1069 3700 1098 3753 D
1161 3701 1192 3754 11
1211 3691 1368 3768 prophetam]

242 3802 310 3856 qrme
327 3791 476 3853 separaretur
493 3801 576 3854 raeque
595 3785 632 3837 nd
648 3787 727 3853 linem
746 3791 851 3839 exstuat
863 3787 944 3839 etium
958 3787 988 3838 ia
999 3803 1117 3841 sorruono
1130 3787 1279 3854 1111911111·ηὲ
1296 3781 1369 3836 delrio

241 3876 301 3938 262,
315 3876 382 3924 1-4
401 3872 453 3939 (3.9,
465 3875 535 3926 2229
554 3873 607 3938 Μ.)
625 3878 648 3925 et
668 3873 766 3926 Ere-seb.
786 3874 854 3927 1111111.
868 3877 900 3924 14
956 3876 987 3927 15
1008 3871 1168 3940 uestrarum]
1189 3873 1219 3926 ira
1237 3873 1266 3926 1)
1281 3883 1370 3925 roman

242 3965 336 4025 castet,
355 3960 385 4011 iu
403 3976 458 4026 qua
476 3957 555 4010 rumen
579 3974 675 4025 gyrum
693 3960 825 4026 scripturn
843 3965 900 4012 erat
971 3957 1103 4025 adfligetis
1125 3960 1233 4026 scripum,
1255 3951 1371 4020 adfligitis

243 4047 279 4108 D,
292 4044 410 4112 adfligite
424 4047 494 4114 drap.
551 4045 801 4113 16ὴοι1Α1ιρ.,οη1
816 4046 844 4098 Ι)
897 4044 1098 4099 adflictionisD
1146 4037 1372 4099 l'lhumilialall

244 4135 276 4187 18
295 4131 452 4184 fortitudem
471 4133 500 4185 I)
570 4131 674 4184 addunt
692 4134 763 4200 dap.
838 4135 869 4186 19
888 4130 1044 4184 lassitudine
1063 4148 1085 4184 e.
1099 4131 1133 4199 c]
1157 4129 1327 4184 nihilominus
1344 4123 1372 4175 de

244 4218 401 4270 eorrtritione
420 4218 586 4287 animiAup.
642 4217 815 4272 redemuntur
833 4219 863 4272 D
916 4219 1074 4272 creminal)
1126 4217 1293 4286 uoluptatum
1306 4215 1370 4278 Aup.

245 4307 277 4359 20
295 4304 396 4357 luxoria
415 4305 458 4357 uel
477 4306 512 4370 D,
533 4304 656 4373 deceptae
676 4304 777 4358 dudum
797 4307 877 4375 naq,
896 4323 934 4359 cn
951 4304 1070 4358 luxuriae
1089 4303 1131 4358 nel
1149 4301 1336 4360 scribendam?
