2944 4936
252 421 317 486 440
758 418 885 474 Ruricii

254 601 290 662 ut
320 598 358 660 ad
387 596 629 682 persoluendnm
660 594 750 660 uobis
781 599 971 680 spontaneae
1002 595 1174 658 denotionis
1206 593 1378 676 obsequium

255 703 349 766 etiam
378 701 409 765 id
439 700 611 765 habeamus
641 700 675 764 in
705 701 800 781 notis,
831 699 913 782 quod
943 717 1005 764 non
1035 697 1189 764 habemus
1219 699 1252 762 in
1275 697 1379 763 uerbis.

254 809 358 888 itaque
389 806 577 870 saluatione
606 805 742 888 depensa
764 825 827 866 aas
850 805 923 887 quia
952 807 1078 869 centum
1108 804 1176 887 pira
1207 802 1381 868 sublimitati
1448 843 1449 896 p

256 915 390 992 uestrae,
413 911 475 974 alia
497 913 625 974 centum
647 909 730 974 filiae
753 927 841 974 meae
864 909 1018 974 destinare
1040 908 1249 992 praesumpsi,
1271 908 1381 991 quaesi

217 1046 230 1085 s
255 1017 389 1082 tortasse
420 1015 633 1100 displicuerint
656 1016 775 1099 saporis
797 1019 903 1098 gustu,
933 1013 1110 1098 placebunt,
1141 1018 1176 1078 ut
1198 1013 1381 1092 confidimns,

256 1121 499 1186 transmittentis
523 1119 646 1186 affectu.

775 1241 874 1306 LXII.

507 1403 652 1446 numerus
674 1402 840 1446 EPISOOPUS
862 1402 976 1445 ratam
999 1403 1149 1446 NAMATIO.

300 1537 407 1603 Saluto
423 1538 594 1622 planmum
611 1543 642 1602 et
657 1555 757 1622 spero,
773 1541 818 1618 ut,
835 1538 861 1602 si
876 1537 1011 1602 secundo
1023 1537 1159 1603 crastino
1172 1543 1234 1604 non
1246 1538 1385 1620 potueris,

207 1672 232 1710 10
258 1643 310 1708 uel
340 1642 433 1707 tertia
463 1643 541 1706 feria
571 1643 610 1706 ad
637 1659 693 1707 nos
721 1643 826 1706 uenire
857 1641 1004 1726 digneris,
1034 1642 1109 1724 qnia
1138 1641 1291 1706 desiderio
1321 1645 1385 1705 tuae

258 1747 399 1812 caritatis
430 1747 551 1812 accensi
582 1750 614 1811 et
635 1764 691 1812 nos
715 1746 847 1811 dicimus
871 1763 942 1810 cum
964 1745 1132 1830 propheta:
1164 1747 1286 1810 anima
1315 1763 1386 1810 mea

259 1853 357 1918 sicut
379 1856 480 1917 terra
502 1853 582 1916 sine
605 1869 699 1934 aqua
721 1851 800 1916 tibi.
846 1850 986 1916 deiecit
1008 1851 1164 1935 spiritns
1192 1869 1304 1915 meus.
1347 1869 1384 1916 ne

260 1961 409 2022 auerlas
440 1957 575 2022 faciem
606 1959 717 2020 tuam.
763 1974 802 2019 ne
832 1955 962 2020 moreris
990 1956 1172 2036 aduentum,
1201 1959 1238 2019 ut
1263 1953 1384 2039 pectoris

259 2062 369 2143 nostri,
392 2079 485 2144 quem
508 2061 597 2144 parui
620 2061 770 2145 temporis
794 2060 904 2125 solatio
927 2060 1114 2141 suscitastis,
1138 2059 1325 2143 extinguetis
1345 2059 1385 2122 iu·

209 2193 233 2233 1⁵
259 2167 413 2232 cendium.

773 2285 886 2351 LXIII.

500 2447 644 2490 municius
667 2447 834 2489 Episcopus
856 2448 940 2488 FILIO
963 2448 1156 2490 iuramenti-rao,

305 2583 429 2650 Gratias
463 2601 522 2667 ago
556 2583 814 2666 dignantissimae
849 2602 924 2667 erga
956 2601 1007 2648 me
1042 2583 1229 2648 sublimItati
1265 2589 1387 2660 nestrae,

262 2688 345 2772 quod
375 2706 431 2752 nos
463 2687 500 2750 de
531 2687 652 2751 actibus
683 2691 775 2770 atque
804 2688 1018 2752 incolumitate
1049 2691 1165 2769 uestra,
1195 2707 1274 2770 quos
1300 2689 1388 2752 nostis

211 2819 236 2858 ιο
263 2793 319 2859 deo
349 2793 482 2877 propitio
512 2810 567 2874 pro
591 2792 797 2856 amicitiarum
820 2793 887 2857 iure
910 2792 1067 2872 sollicitos,
1098 2791 1200 2856 facitis
1223 2793 1387 2856 litterarum

263 2897 429 2965 sedulitate
453 2913 588 2960 securos.
621 2897 703 2960 unde
723 2897 771 2960 his
786 2897 978 2981 reciprocum
994 2896 1089 2960 reddo
1104 2895 1259 2961 nobilitati
1276 2902 1388 2961 nostrae

264 3001 459 3066 salutadonis
490 2999 626 3065 officium
658 3005 690 3064 et
719 3019 770 3065 me
799 3001 856 3065 has
872 3001 917 3064 de
940 2999 1114 3064 Decaniaco
1138 3002 1175 3064 ad
1198 3018 1256 3065 uos
1279 3001 1388 3065 dedisse

264 3104 403 3191 significo
431 3123 595 3187 meamque
619 3105 707 3170 uobis
738 3105 845 3170 fauore
875 3105 1057 3186 diuinItatis,
1089 3123 1183 3188 quam
1214 3105 1302 3170 uobis
1331 3105 1389 3188 pla·
1448 3109 1449 3152 t

265 3230 333 3275 cere
351 3209 482 3291 conlido,
505 3210 645 3274 indicans
669 3209 853 3293 sospitatem
876 3209 1050 3293 praestabit
1072 3209 1227 3292 dominus,
1251 3216 1287 3275 ut
1308 3210 1387 3274 eitius
1448 3281 1449 3284 Ἴ

212 3341 238 3382 re
264 3316 338 3380 hinc
360 3333 520 3399 regressus
544 3314 656 3378 uestris
680 3331 800 3378 merear
823 3313 982 3379 obtutibus
1005 3314 1209 3398 praesentari,
1240 3319 1285 3395 nt,
1310 3313 1387 3378 cuius
1448 3297 1449 3320 i

264 3420 460 3504 benignitate
488 3422 594 3482 uestra
615 3419 767 3482 incitastis
791 3419 989 3500 desiderium,
1017 3420 1136 3483 uisione
1159 3419 1328 3484 sollicitetis
1349 3416 1387 3479 al-

265 3525 392 3590 lectum.

371 3653 415 3722 ll]
434 3652 532 3706 Psalm.
548 3653 605 3718 142,
618 3655 642 3706 6.

309 3769 325 3823 2
344 3765 431 3820 uerbis
450 3783 474 3834 o,
492 3764 574 3820 uerba
592 3766 616 3822 S
667 3769 683 3822 3
701 3767 828 3821 lacunam
845 3767 982 3823 indicauit
1000 3767 1061 3834 Kc,
1080 3765 1200 3834 significo
1218 3767 1305 3836 suppl.
1318 3764 1386 3818 Lact-

263 3857 379 3926 p'obuno,
401 3853 537 3907 habemus.
565 3853 597 3906 In
617 3851 699 3906 uerba
716 3852 805 3921 itaqua
824 3853 983 3907 salutatione
1002 3852 1116 3922 depensa
1133 3856 1204 3909 coni.
1221 3853 1387 3909 Mammeos

265 3959 330 4014 para
353 3942 382 4010 S,
405 3959 516 3998 corma
585 3940 800 3996 ldistInareS
866 3939 1142 4008 5displicuerantS
1214 3943 1245 3996 10
1272 3934 1388 3993 terciad
1448 3965 1449 3970 κ

268 4033 300 4086 13
318 4028 432 4100 pectoris
450 4047 473 4096 a,
491 4028 609 4097 peccaris
623 4029 651 4098 S,
670 4045 708 4083 cn
725 4027 870 4097 peccatoris
888 4029 932 4082 uel
949 4028 1093 4096 peccatoris
1106 4027 1220 4097 pectoris
1233 4028 1290 4083 coll.
1299 4043 1326 4095 p.
1337 4024 1386 4086 172,

266 4119 453 4185 12m351,1s
464 4115 656 4172 scribendam?
710 4117 742 4171 14
755 4114 854 4182 quode
900 4113 1065 4184 incendium]
1077 4113 1139 4167 linit
1149 4114 1249 4170 adds
1300 4107 1386 4167 lilio

267 4209 407 4259 temenoo
462 4205 493 4258 19
512 4201 730 4258 incolumitates
782 4204 816 4258 20
834 4201 944 4256 iuraeS
994 4199 1161 4256 sollicitusS
1210 4201 1243 4256 21
1264 4193 1388 4252 secururs

267 4291 301 4344 22
313 4288 468 4346 offitiumS
517 4291 551 4346 23
564 4303 650 4342 meam
664 4303 766 4357 quoque
779 4289 954 4360 Inoetp'obuan
1007 4303 1086 4358 quem
1099 4286 1211 4356 nobiae,
1231 4278 1388 4356 qnamuosS

268 4375 302 4432 26
321 4373 451 4430 desiderii
471 4377 501 4444 S,
520 4375 649 4428 desideria
666 4393 682 4431 o
