2924 4924
519 416 584 470 1111.
604 416 713 470 Sermo
733 419 772 472 16.
1155 414 1217 479 287

80 612 114 656 ne
135 595 218 656 forte
243 593 355 674 aliquis
379 593 438 656 sibi
461 596 660 675 sumptuosas
684 609 797 655 caenas
825 594 857 654 et
880 591 1036 672 exquisitis
1060 591 1221 673 saporibus

80 698 184 779 opulas
216 697 341 761 studeat
371 714 556 780 praeparare
584 700 615 760 et
644 696 763 777 corpori
795 713 851 758 suo
880 695 981 778 magis
1011 699 1221 760 commutasse

79 819 170 882 quam
185 801 379 886 subtraxisse
395 799 535 864 ciborum
559 799 785 864 abundantiam
808 799 961 862 uideatur.
996 799 1073 862 nihil
1096 799 1222 881 prodest

80 907 205 990 longum
230 909 295 970 tota
317 905 364 968 die
389 905 513 969 duxisse
536 905 699 985 ieiunium,
722 905 748 968 si
770 908 880 986 postea
902 903 1042 968 ciborum
1066 905 1221 968 suauitate

80 1011 125 1074 uel
147 1009 309 1074 nimietate
332 1010 437 1074 enimc
460 1009 617 1074 obruatur.
669 1009 732 1072 illis
756 1009 840 1072 enim
864 1027 952 1072 mens
975 1009 1095 1091 repleta
1116 1012 1221 1090 turpe·
1261 1037 1274 1077 e

80 1217 117 1281 sit
143 1235 218 1301 ergo
246 1221 438 1301 temperatus
462 1217 561 1297 cibus,
589 1235 762 1300 numquam
790 1218 921 1281 nimium
948 1221 1058 1280 uenter
1081 1217 1221 1298 expletus

81 1325 108 1384 et
128 1322 201 1405 plus
218 1339 340 1404 semper
364 1322 400 1385 de
418 1321 486 1386 cibo
502 1321 600 1385 cordis
623 1339 718 1403 quam
741 1322 778 1386 de
802 1320 870 1385 cibo
886 1322 1021 1404 corporis
1037 1321 1222 1404 cogitemus

80 1427 127 1506 qui
155 1427 241 1490 intus
269 1426 300 1490 in
328 1425 454 1490 homine
482 1426 628 1490 interiore
659 1425 732 1490 iacti
760 1445 869 1490 sumus
899 1426 936 1489 ad
965 1426 1135 1509 imaginem
1163 1426 1222 1504 dei,

80 1529 218 1594 incarne
235 1535 339 1594 autem
356 1530 394 1594 de
413 1530 489 1594 limo
506 1533 607 1594 terrae
622 1531 748 1594 formati
764 1523 894 1594 sumus
913 1533 945 1594 et
960 1530 1074 1610 uidete,
1097 1530 1221 1610 fratrea,
1250 1560 1275 1598 ιο

80 1633 103 1695 si
125 1635 245 1698 iustum
274 1638 331 1714 est,
359 1639 395 1698 ut
417 1652 487 1698 earo
511 1634 549 1698 de
578 1635 765 1698 torrefacta
788 1635 946 1698 interdum
972 1633 1075 1697 bisin
1100 1634 1147 1697 die
1172 1652 1222 1697 oa-

81 1738 143 1818 piat
166 1738 273 1802 cibum
297 1743 328 1802 et
351 1739 465 1818 anima,
489 1757 569 1820 quae
585 1739 688 1822 imago
712 1739 761 1802 dei
778 1743 836 1818 est,
860 1739 911 1802 uin
933 1743 1005 1821 post
1026 1738 1132 1821 plures
1156 1737 1221 1800 dies

79 1843 181 1926 capiat
195 1841 329 1906 uerbum
352 1843 410 1922 dei,
434 1861 505 1906 oum
527 1846 633 1906 tamen
649 1843 791 1926 expediat
814 1843 914 1922 nobie,
937 1847 973 1908 ut
995 1844 1128 1925 amplius
1144 1843 1222 1906 ima-

79 1945 184 2026 ginem
200 1947 250 2010 dei
272 1947 304 2010 in
320 1946 419 2027 nobis,
444 1965 538 2028 quam
562 1951 702 2010 nostram
717 1965 844 2012 carnem
868 1946 1036 2010 debeamus
1060 1947 1219 2010 honorare.

80 2051 130 2130 qui
158 2050 242 2114 enim
265 2051 303 2114 de
332 2051 399 2115 sola
425 2069 517 2115 carne
546 2052 692 2134 cogitant,
722 2051 828 2116 bestiis
855 2055 887 2114 et
913 2051 1074 2133 pecoribus
1102 2051 1220 2114 similes
1248 2081 1272 2121 ιο

80 2161 152 2218 sunt
183 2159 225 2235 et,
255 2156 309 2237 qui
335 2155 380 2220 ita
402 2159 509 2239 agunt,
538 2157 601 2220 iam
624 2156 655 2219 in
679 2173 712 2219 sa
736 2156 784 2218 dei
806 2156 975 2239 imaginem
998 2155 1218 2219 contriucrnnt.

79 2277 149 2322 cero
173 2277 247 2322 uero
270 2260 359 2324 uelut
381 2260 494 2324 ancilla
515 2259 707 2342 gubernetur
729 2263 761 2322 et
784 2260 889 2324 anima
911 2265 1071 2341 tamquam
1096 2259 1221 2324 domina

80 2363 221 2446 legitima
248 2365 450 2447 praeferetur.
497 2363 560 2428 iam
589 2365 615 2428 si
642 2365 730 2428 aliter
758 2365 874 2428 factum
899 2365 1002 2444 inierit,
1030 2367 1056 2428 si
1080 2383 1135 2428 nos
1159 2383 1218 2428 non

80 2485 286 2550 agnoscamus
315 2468 354 2531 ad
386 2469 556 2552 imaginem
585 2469 633 2532 dei
660 2469 759 2532 tactos
788 2473 819 2532 ot
845 2469 914 2552 plus
943 2469 980 2532 de
1008 2487 1100 2533 carne
1127 2487 1220 2550 quarn

79 2571 116 2634 de
140 2571 246 2636 anima
273 2573 457 2655 cogitemus,
485 2573 590 2652 timeo,
618 2592 657 2636 ne
680 2591 736 2636 nos
765 2573 891 2654 spiritus
915 2577 1042 2637 sanctus
1070 2593 1124 2656 per
1150 2592 1220 2655 pro-
1247 2602 1286 2641 eo·

80 2675 207 2756 phetam
232 2679 344 2759 arguat
366 2677 488 2741 dicens:
520 2677 640 2758 homo,
670 2696 751 2740 oum
779 2677 816 2740 in
844 2677 982 2742 honore
1005 2681 1119 2758 esset,
1150 2697 1219 2742 non

79 2779 278 2844 intellexit.
325 2783 562 2864 comparatus
593 2785 650 2845 est
679 2781 856 2845 iumentis
887 2781 1158 2864 insipientibus
1186 2785 1221 2844 et

79 2884 215 2948 similis
240 2885 361 2949 iactus
386 2889 442 2949 est
465 2885 553 2950 illis.

122 2987 285 3052 Lectiones
316 2989 435 3052 diuinas
464 2993 496 3054 et
526 2991 557 3054 in
589 2990 728 3070 ecclesia,
760 2992 841 3054 sicut
870 2991 1055 3070 consuestis
1086 2989 1218 3054 libenter

79 3091 182 3156 audite
205 3095 291 3156 etin
314 3093 458 3158 domibus
482 3093 596 3158 uestris
620 3095 756 3178 relegite.
802 3096 828 3158 si
850 3095 963 3176 aliquis
987 3096 1031 3158 ita
1053 3095 1147 3158 inerit
1170 3112 1220 3158 oc·
1247 3123 1272 3162 aa

79 3200 221 3278 capatus,
249 3201 285 3261 ut
308 3201 380 3262 ante
402 3198 604 3262 refectionem
628 3199 800 3282 scripturae
823 3199 947 3264 diuinae
971 3218 1033 3264 non
1055 3200 1154 3280 possit
1175 3199 1220 3264 in-

183 3421 230 3490 21]
249 3420 347 3474 nsum.
361 3425 403 3484 re,
418 3425 456 3477 13.

123 3637 262 3692 2studiat
280 3639 310 3694 D
374 3639 495 3708 §pararet
513 3657 546 3694 cx
563 3639 658 3708 pparet
677 3641 705 3694 D
775 3655 882 3710 corpore
901 3639 931 3696 D
1000 3644 1173 3695 commotasse
1192 3643 1221 3696 D

78 3728 95 3780 3
114 3723 301 3779 habundantia
317 3727 346 3782 D
416 3729 432 3782 4
455 3725 564 3795 longum
584 3731 641 3780 tota
659 3727 701 3780 die
720 3729 760 3782 D²
777 3730 809 3782 in
826 3745 879 3782 raa.
951 3728 1056 3782 duxisse
1076 3731 1157 3800 Aug„
1180 3729 1219 3782 di·

81 3813 151 3864 xisse
170 3813 197 3866 D
249 3811 356 3868 5illioo
375 3815 447 3883 Aug.
510 3813 654 3882 repletatur
672 3815 755 3884 poscit
773 3816 802 3869 D
865 3819 896 3871 lo
914 3814 986 3884 lyme
1011 3817 1040 3870 D
1104 3819 1172 3870 terre
1192 3817 1220 3870 D

120 3883 140 3915 in

82 3929 110 3981 ll
143 3925 185 3996 dip
212 3927 241 3981 D
312 3926 419 3994 capiant
445 3927 474 3981 D
546 3929 577 3982 12
604 3943 670 3995 quae
693 3928 781 3996 imago
802 3929 910 3997 scripsi,
936 3947 987 3984 om.
1006 3929 1035 3983 D
1058 3929 1116 3996 (aad
1141 3931 1220 3984 babet

79 4013 170 4080 imago
187 4021 249 4070 aare
267 4013 355 4082 capiat
372 4011 482 4082 cibum),
505 4013 533 4067 in
552 4030 604 4082 qua
623 4015 710 4082 imago
728 4017 800 4084 Aug.
854 4015 898 4068 uix
920 4033 953 4072 ac
976 4032 1025 4070 uon
1044 4017 1075 4070 D
1127 4019 1159 4072 13
1177 4033 1218 4070 ac-

78 4097 164 4167 cipiat
190 4101 259 4170 Aug.
333 4102 364 4156 15
391 4099 488 4154 besteis
516 4101 545 4154 D
615 4099 767 4170 peccoribus
797 4103 825 4156 D
897 4105 928 4158 17
956 4102 1031 4171 uero]
1058 4118 1120 4170 ergo
1147 4104 1218 4172 Aug.

78 4189 243 4254 gupernetur
264 4187 304 4240 D¹
388 4189 420 4244 18
441 4185 564 4254 legitima
585 4189 614 4242 D
634 4189 665 4254 (”
679 4189 797 4255 mamam)
878 4187 1012 4242 reficiatur
1030 4191 1111 4258 Aug„
1124 4191 1220 4259 potius

78 4271 249 4340 praeficiatur
265 4274 436 4330 mitandum
494 4273 560 4342 iam]
580 4291 642 4328 nam
660 4277 688 4328 et
704 4276 776 4344 Aug.
830 4276 864 4330 24
883 4275 1023 4330 consuistis
1041 4277 1070 4330 D
1127 4277 1161 4330 26
1179 4292 1219 4332 re·

79 4358 197 4412 tectione
216 4361 244 4414 D
