2954 4930
450 417 677 488 Epistularum
695 418 776 472 lib.I
796 421 905 474 17—18.
1186 417 1247 480 371

107 592 227 657 infieiut
257 597 311 658 aut
340 594 464 658 mollier
494 593 638 659 sollicitet
667 596 768 659 taetus
800 597 855 658 aut
881 593 1005 658 suauier
1033 592 1178 657 odoratus
1201 593 1250 656 in-

106 697 194 761 liciat
216 701 248 762 et
268 717 324 780 per
346 699 500 763 fenestras
523 698 660 782 eorporis
683 715 766 762 mors
790 698 1016 762 intromittatur
1039 696 1078 761 ud
1101 696 1250 776 animem,

106 801 162 866 sed
186 821 287 884 neque
310 803 426 867 stiuam
449 806 559 867 tenens
583 806 692 886 uentre
714 803 831 867 demini
851 802 1040 866 sententium
1056 804 1137 865 retro
1153 801 1251 883 respi-

106 907 182 987 cias,
206 910 241 970 ut
263 907 414 972 directum
437 907 538 972 lineae
559 907 663 972 sulcus
688 907 824 988 amittat,
848 907 920 990 quin
941 906 1044 990 potius
1059 905 1105 970 ita
1119 905 1152 970 iu
1167 923 1250 984 eum,

107 1009 159 1074 eui
182 1015 213 1075 te
236 1011 304 1095 ipso
328 1012 500 1096 inspirante
523 1011 649 1093 uenisti,
672 1012 818 1077 omnibus
834 1010 978 1076 sensibus
995 1009 1095 1074 inhies
1113 1012 1144 1074 et
1159 1009 1250 1073 eorde
1276 1033 1289 1072 ι

105 1113 227 1178 defixus
257 1115 437 1197 adhaerens,
469 1119 512 1198 ut,
544 1134 617 1180 eum
645 1119 677 1181 te
704 1116 755 1180 uel
782 1133 846 1179 una
867 1115 1078 1200 praeintemm
1100 1113 1249 1178 uitiorum

105 1218 189 1282 inlex
205 1219 306 1284 forma
320 1219 504 1303 pulsauerit,
522 1219 584 1285 fide
599 1220 691 1284 firma
706 1222 738 1284 et
753 1219 861 1284 diuina
875 1218 1078 1283 meditatione
1093 1217 1249 1282 munitum

104 1327 217 1406 peetus
247 1323 331 1388 edire
354 1341 417 1389 nou
439 1324 547 1407 pessit.
594 1327 635 1406 et,
658 1323 833 1407 quemlibet
859 1323 892 1388 in
914 1321 1016 1388 turbis
1037 1321 1157 1405 pesitus
1182 1339 1250 1386 esse

104 1426 253 1508 uideeris
284 1427 404 1493 intrans
435 1428 468 1492 iu
499 1427 678 1493 eubieulum
701 1427 800 1494 cerdis
823 1427 869 1493 tui
891 1427 996 1492 elause
1019 1427 1098 1492 estio
1120 1429 1173 1491 tue
1196 1425 1250 1490 de-

103 1530 229 1596 minum
253 1549 427 1596 eumenen
450 1531 584 1613 desinas,
610 1535 656 1612 ut,
680 1532 734 1614 qui
759 1531 845 1596 uidet
866 1532 899 1596 in
922 1528 1051 1611 occulte,
1075 1529 1158 1595 diest
1179 1527 1248 1610 tibi,
1276 1553 1302 1593 ιο

103 1635 188 1700 sient
218 1639 327 1701 saneto
349 1635 453 1720 Moysi
483 1635 667 1701 uociferanti
690 1635 728 1700 ed
752 1655 785 1700 se
808 1654 871 1700 nou
894 1653 980 1716 ueee,
1011 1635 1066 1699 sed
1089 1633 1179 1699 eorde
1203 1633 1249 1697 di-

104 1739 213 1804 cebat:
249 1739 340 1821 quid
362 1740 502 1808 clames
526 1740 569 1804 ad
592 1744 668 1804 me?
707 1744 739 1805 et
761 1758 862 1824 spere,
885 1743 921 1804 ut
942 1739 975 1805 iu
998 1737 1113 1804 talibus
1137 1737 1248 1802 erutio-

103 1843 198 1907 nibus
216 1843 312 1907 etiem
328 1844 391 1908 mei
406 1843 588 1908 meminisse
610 1844 746 1928 digneris
764 1846 796 1908 et
815 1843 906 1908 eitius
926 1846 957 1907 te
977 1842 1017 1906 ed
1037 1859 1104 1922 nos,
1124 1841 1248 1906 etiamsi

102 1951 214 2012 noster
244 1965 305 2012 non
335 1947 455 2012 reducit
485 1947 625 2028 effeetus,
656 1947 844 2013 desiderium
875 1945 1072 2012 dulcissimae
1103 1949 1135 2010 et
1164 1945 1248 2010 salu-

103 2051 260 2116 berrimae
283 2051 396 2134 quietis
419 2053 560 2117 uddueet.
1273 2069 1298 2112 u

210 2239 240 2310 e]
258 2239 355 2296 natu.
367 2243 392 2306 e,
405 2243 429 2296 e.
485 2240 529 2310 ιι]
548 2239 628 2296 mou.
644 2242 685 2305 ιι,
699 2243 739 2297 15.

148 2413 277 2470 liulicet
296 2415 324 2482 S,
343 2432 440 2471 remu
490 2413 561 2483 net]
580 2417 612 2467 ut
629 2414 680 2469 Kr.
735 2412 940 2468 6udhereasS
1001 2413 1033 2467 13
1051 2410 1247 2468 mimenisseS

100 2501 268 2571 dignerisS
319 2503 350 2556 14
369 2499 470 2569 noster]
487 2499 564 2570 ffiS,
583 2500 686 2555 intere
738 2499 804 2568 non]
818 2515 893 2554 nese
947 2501 978 2554 15
992 2497 1195 2568 adductum.
1210 2499 1245 2554 S:

99 2572 163 2659 effil
181 2586 276 2640 domui
294 2587 385 2641 rurieii
403 2585 547 2657 epistolari
565 2571 606 2641 liii
622 2585 725 2656 primus
742 2567 814 2656 inei}
831 2585 900 2639 liber
917 2583 946 2638 11
