2886 4928
529 431 626 485 Liber
644 431 672 486 ΙΙ
691 435 714 486 7.
1128 433 1188 499 149

72 623 116 686 per
135 625 166 670 os
188 613 368 673 sanctornm
384 627 521 688 snorum,
546 610 614 672 ideo
630 613 808 674 sanctornm
825 627 962 688 suornm,
986 610 1058 690 quia
1074 612 1188 673 sancti-

71 707 157 774 ficatio
171 713 292 795 proprie
314 713 351 776 ad
376 713 518 796 spiritum
540 718 684 778 sanctum
704 715 845 798 pertinet.
880 715 1013 797 legimus
1033 715 1064 778 in
1081 715 1186 778 Esaia:

72 831 173 878 nonne
199 817 344 880 caelum
374 821 410 881 et
439 822 575 882 terram
608 837 674 902 ego
704 819 855 902 impleo,
886 819 975 882 dicit
998 818 1187 882 dominus?

70 917 127 996 qnis
152 923 198 983 est
219 921 279 984 iste
306 921 460 1002 dominus,
490 923 543 1004 qui
566 942 621 1006 per
644 923 769 986 Esaiam
793 923 914 986 caelum
937 925 969 986 ct
991 925 1105 986 terram
1128 923 1187 986 im-

70 1021 140 1101 plere
161 1043 194 1088 se
217 1025 301 1105 dicit,
324 1026 384 1090 nisi
408 1027 533 1108 spiritus
557 1030 694 1106 sanctus,
722 1027 775 1108 qui
797 1027 900 1108 ipsum
923 1025 1048 1090 Esaiam
1072 1027 1187 1090 uirtute
1226 1055 1239 1092 a

70 1128 231 1210 prophetica
262 1133 293 1193 et
327 1131 438 1212 spiritu
469 1131 611 1195 ueritatis
641 1131 777 1195 infudit?
822 1131 901 1194 sicut
931 1148 1003 1214 ergo
1033 1150 1088 1214 per
1117 1149 1187 1214 pro-

70 1230 208 1311 pheticam
239 1234 513 1318 dispensationem,
543 1236 588 1300 ita
618 1236 713 1300 etiarn
740 1236 894 1300 secundae
917 1236 1049 1318 gratiam
1073 1236 1187 1299 natiui-

69 1336 129 1400 tatis
157 1338 278 1422 spiritui
308 1343 416 1403 sancto
447 1340 497 1404 uel
527 1340 661 1404 manime
691 1340 836 1404 uoluntas
863 1339 1012 1404 trinitatis
1036 1340 1186 1423 assignat,

69 1439 135 1505 sicut
154 1442 274 1506 dicitin
290 1443 443 1508 Iohanne:
468 1445 561 1526 quod
584 1447 710 1509 natum
735 1449 794 1532 est
814 1463 854 1506 er
877 1461 1001 1523 carne,
1025 1461 1108 1508 caro
1132 1447 1188 1508 cst

69 1547 109 1622 et,
129 1547 218 1627 quod
240 1550 368 1611 natum
390 1553 447 1612 est
468 1567 507 1612 ex
528 1549 679 1632 spiritu,
703 1548 859 1631 spiritus
883 1551 947 1611 est.
983 1548 1096 1626 etalio
1119 1549 1186 1612 loco
1214 1575 1238 1614 ιο

68 1653 189 1728 potestas
219 1651 390 1716 renouandi
416 1652 552 1716 hominis
575 1671 670 1735 penes
694 1652 838 1736 spiritum
861 1655 1004 1716 sanctum
1028 1670 1095 1715 esse
1117 1671 1186 1733 per-

69 1753 209 1819 scribitur:
241 1774 306 1819 nos
337 1759 461 1836 autern
491 1755 779 1838 baptizabimini
807 1755 941 1839 spiritu
965 1759 1093 1820 sancto
1116 1775 1185 1820 non

68 1863 137 1937 post
164 1861 300 1924 multos
331 1861 396 1924 hos
427 1861 520 1942 dias,
548 1865 589 1941 et,
617 1861 696 1924 sicut
719 1861 859 1944 superins
883 1860 1000 1923 dictum
1024 1863 1084 1923 est:
1113 1860 1185 1924 nisi

68 1961 135 2040 quis
163 1967 316 2028 renatus
347 1964 463 2028 fuerit
492 1983 532 2028 ex
563 1983 657 2047 aqua
687 1969 723 2028 et
749 1965 885 2047 spiritu
909 1967 1052 2044 sancto,
1086 1967 1117 2028 et
1146 1965 1185 2028 ad

67 2061 170 2132 Titum:
201 2069 342 2148 saluos,
372 2068 484 2151 inquit,
515 2087 579 2133 nos
609 2069 700 2133 lecit
729 2089 793 2153 per
819 2069 1009 2133 lauacrum
1034 2087 1185 2152 regene—
1213 2095 1236 2133 ιε

67 2171 206 2236 rationis
230 2178 266 2236 ct
288 2173 546 2237 renouationis
574 2173 730 2256 spiritus
754 2174 882 2238 sancti.
918 2173 1092 2254 uideamus,
1115 2173 1184 2254 quis

66 2277 106 2335 est
131 2275 197 2356 iste,
227 2277 316 2340 cuius
346 2276 403 2340 filii
432 2297 487 2360 per
517 2278 651 2360 gratiam
683 2277 856 2361 adoptionis
887 2276 1053 2342 efficimur:
1085 2278 1186 2342 dedit

66 2377 122 2457 eis,
148 2381 257 2463 inquit,
287 2385 515 2464 potestatem
545 2381 648 2445 filios
678 2381 735 2445 dei
765 2382 865 2462 sieri,
900 2385 932 2445 et
961 2382 1088 2446 iterum:
1123 2382 1185 2464 qui

66 2499 124 2545 non
145 2503 184 2548 cr
207 2485 457 2569 sanguinibus
481 2505 598 2568 neque
622 2505 662 2549 cn
686 2487 881 2551 uoluntate
904 2487 1042 2566 carnis,
1065 2487 1127 2550 sed
1144 2505 1184 2550 ex

65 2581 120 2649 deo
141 2589 216 2652 nati
239 2593 335 2653 sunt.
1211 2615 1236 2654 ac

101 2689 188 2756 Uides
212 2695 417 2778 apertissime,
448 2695 529 2776 quod
552 2696 612 2758 iste
635 2695 761 2776 spiritus
792 2699 928 2774 sanctus,
958 2696 989 2758 in
1012 2713 1072 2777 qno
1095 2713 1184 2759 rena-

65 2793 175 2875 scimur,
198 2797 349 2878 deusest,
372 2799 460 2862 cuius
476 2799 663 2882 paternitate
680 2799 840 2863 donamur.
876 2799 943 2882 ipse
963 2799 1020 2863 hoc
1043 2800 1102 2863 alio
1117 2800 1183 2863 loco

65 2895 123 2962 lnce
150 2901 260 2965 clarius
288 2903 441 2986 assignat:
474 2920 548 2983 ero,
579 2903 690 2984 inquit,
722 2903 774 2966 eis
805 2903 840 2966 in
871 2907 1014 2986 patrem
1046 2907 1082 2966 et
1111 2903 1183 2986 ipsi

64 3009 161 3068 crunt
176 3006 264 3069 mihi
280 3006 316 3069 in
332 3006 434 3070 filios
451 3009 486 3070 et
501 3007 618 3087 filias,
640 3007 734 3070 dicit
749 3007 919 3071 dominns
934 3007 1183 3090 omnipotens,

64 3107 162 3173 nerito
190 3111 397 3192 omnipotens,
429 3111 480 3192 qni
510 3111 629 3192 peccati
653 3111 894 3194 chirographum
918 3111 1010 3191 delet,
1041 3111 1092 3193 qui
1114 3111 1183 3174 uin·
1209 3137 1235 3176 rs

63 3209 123 3274 cula
150 3213 407 3278 conscientiarum
431 3215 549 3278 relaxat
571 3219 601 3278 et
623 3215 782 3278 hominem
806 3215 836 3278 in
861 3235 894 3279 ss
917 3215 1095 3279 credentem
1118 3233 1184 3280 cor·-

63 3319 160 3397 mptae
189 3323 319 3382 naturae
349 3319 496 3382 foeditate
527 3319 672 3403 dispoliat
702 3324 733 3384 et
762 3319 944 3384 indumento
979 3321 1184 3402 innocentiae,

63 3415 160 3484 decore
189 3422 336 3500 iustitiae,
367 3423 447 3487 stola
477 3424 709 3488 inmortalitatis
740 3429 867 3488 exornat
897 3429 928 3488 et
954 3423 1033 3488 filios
1057 3442 1129 3488 snos
1152 3425 1184 3488 in

63 3525 227 3608 angelicum
259 3531 378 3590 statum
406 3527 459 3610 pia
480 3529 668 3610 paternitate
690 3527 879 3592 transcribit.
925 3545 1016 3592 nemo
1040 3529 1183 3610 spiritum

153 3675 181 3744 3]
198 3675 293 3728 leram.
303 3676 345 3738 23,
355 3676 396 3730 24.
450 3674 478 3744 9]
498 3673 590 3728 Ioann.
600 3677 624 3739 3,
635 3675 658 3730 6.
715 3673 906 3742 12]Act.1,5.
961 3674 1004 3744 13]
1023 3674 1114 3728 Ioann.
1124 3677 1148 3738 3,
1158 3678 1181 3729 5.

63 3757 99 3826 15]
116 3759 166 3814 Tit.
179 3764 203 3826 3,
216 3765 239 3818 5.
305 3761 349 3830 17]
367 3761 459 3815 Ioann.
474 3763 497 3824 l,
512 3763 551 3816 12.
620 3759 664 3830 18]
682 3759 867 3827 Ioann.l,18.
933 3761 977 3830 23]
996 3763 1013 3816 2
1032 3759 1090 3815 Cor.
1103 3763 1127 3825 d,
1142 3763 1181 3818 18.

96 3891 111 3944 a
131 3855 199 3944 {ara
217 3891 252 3958 n,
270 3891 337 3944 rsus
353 3892 386 3959 P,
404 3891 517 3945 reema
528 3892 730 3966 a,·,saspcorem
746 3892 837 3960 epam
854 3891 1124 3960 maurataneae
1141 3891 1183 3944 us-

61 3999 128 4056 door
186 4007 270 4073 3ego
288 4022 338 4060 om.
351 4005 378 4060 R
438 3963 571 4107 lissam
590 4003 624 4071 R,
648 4003 738 4056 isaiam
758 4004 791 4073 P,
809 4003 983 4058 Ieremiarnc
1043 4007 1070 4056 et
1088 4021 1137 4058 cnr¹
1157 4002 1185 4056 P

60 4115 140 4184 bqni]
157 4131 175 4188 p
193 4118 257 4172 odd.
276 4117 312 4186 P,
329 4123 355 4170 et
372 4117 471 4172 addc
527 4117 624 4169 esaiam
643 4117 678 4183 R,
696 4115 788 4170 isaiam
808 4117 840 4180 P,
859 4115 1032 4170 Ieremiamc
1088 4117 1183 4183 dpro-

61 4199 190 4270 photiceld
242 4205 292 4258 sio
345 4203 568 4274 propheticamR
621 4205 653 4257 10
671 4203 698 4256 in
711 4209 774 4258 aatc
785 4202 837 4256 alio
850 4203 954 4257 acan
1006 4206 1037 4258 15
1056 4203 1184 4269 tytumR

61 4283 163 4356 iecitlt
225 4289 380 4344 lauachrum
404 4290 457 4346 PR
522 4293 554 4346 la
573 4288 664 4358 inquid
685 4289 712 4344 R
774 4291 808 4346 24
827 4289 953 4346 rnicbilt
1016 4291 1048 4344 25
1068 4287 1182 4358 cirogra-

60 4373 131 4440 phun
150 4377 201 4436 PR
257 4381 291 4437 29
309 4376 452 4434 conscribit
470 4377 497 4434 1²
