2920 4930
513 427 611 482 Liber
628 427 657 482 Π
675 429 751 484 8-9.
1160 429 1201 492 ‘ll

66 604 207 688 demptor
230 603 270 669 ad
291 603 379 668 illam
402 604 503 688 magis
522 604 693 688 imaginem
713 603 822 668 iecerit
840 603 1009 685 hominem,
1033 622 1127 687 quam
1147 624 1203 687 per

66 709 217 792 uirginem
240 712 308 772 erat
330 707 552 791 adsumpturus
576 728 612 774 ex
634 709 781 774 homine?
825 709 984 791 persuasio
1007 708 1084 773 haec
1103 709 1202 792 aple-

65 813 169 895 risqne
190 813 359 896 profertm,
384 814 439 878 sed
462 814 546 878 omni
568 813 687 878 ratione
710 814 860 894 nudatur,
888 814 961 896 quia
983 813 1092 896 prioris
1115 813 1202 878 initia

66 919 231 1002 imaginem
255 919 353 982 multo
376 919 554 1002 posterioris
581 919 709 983 induere
736 919 822 982 nullo
849 917 940 982 modo
962 922 1103 1000 possunt.
1148 921 1202 982 ant

66 1023 217 1104 quomodo
232 1023 371 1087 nondum
387 1023 483 1087 creati
498 1023 734 1087 similitudinem
753 1023 790 1102 is,
811 1022 864 1104 qui
885 1022 1004 1104 primus
1028 1021 1201 1103 creabatur,
1240 1054 1253 1093 e

66 1128 237 1209 acciperet?
274 1127 355 1191 inter
374 1128 451 1192 haec
471 1127 592 1192 facilius
612 1127 671 1190 hoe
691 1127 774 1190 credi
792 1126 901 1209 possit,
924 1130 960 1191 ut
974 1127 1013 1190 ad
1029 1127 1201 1191 secundum

66 1231 166 1296 Adam
192 1233 312 1314 primus
334 1231 438 1296 Adam
465 1231 635 1316 imaginem
663 1249 752 1295 suam
774 1231 829 1314 pr'o
856 1231 972 1295 ordinis
996 1249 1032 1295 ac
1053 1231 1201 1315 temporis

66 1337 181 1400 ratione
208 1336 443 1400 transmitteret.
490 1336 618 1400 minime
646 1337 751 1400 autem
779 1334 846 1400 fieri
871 1339 1006 1418 poterat,
1037 1339 1072 1400 ut
1098 1337 1201 1420 imago

66 1440 201 1504 nondum
222 1441 380 1505 existentis
401 1439 594 1505 substantiae
614 1440 767 1532 diceretur
786 1441 822 1521 ie,
846 1441 990 1522 quiante
1010 1443 1057 1505 tot
1077 1441 1201 1505 saecula

66 1544 266 1626 formabatur,
290 1547 322 1610 et
343 1545 512 1628 inprudens
539 1545 670 1610 assertio
693 1543 886 1628 probaretur,
910 1547 954 1625 ut,
978 1545 1058 1609 sicut
1084 1545 1200 1626 dicunt,
1229 1575 1253 1614 ιο

66 1649 273 1714 similitudinis
293 1653 452 1715 auctorem
472 1669 508 1714 ar
529 1651 648 1733 uirgine
664 1650 888 1734 procreandum
909 1649 1116 1732 antiquissimi
1130 1667 1201 1733 pro-

66 1754 186 1836 toplasti
209 1771 344 1837 persona
365 1755 574 1837 praecederet.

105 1859 176 1924 Huc
206 1859 335 1940 accedit,
366 1861 447 1942 quod
474 1861 610 1924 multum
639 1877 688 1923 res
718 1860 772 1924 illa
801 1859 982 1926 humiliaret
1013 1859 1045 1923 in
1076 1858 1200 1923 homine

66 1963 180 2046 primae
211 1965 406 2030 innocentiae
438 1963 547 2045 decus,
578 1963 604 2026 si
631 1963 839 2028 inmaculatus
867 1963 906 2027 ad
933 1963 1090 2046 exemplar
1117 1961 1199 2027 illius

66 2067 239 2151 tingeretur,
263 2069 316 2151 qni
332 2069 488 2151 peccaturi
504 2071 570 2132 erat
585 2069 725 2132 maculas
745 2071 919 2148 curaturus,
942 2071 986 2148 ut,
1007 2085 1079 2132 cum
1098 2071 1200 2132 trans·
1227 2095 1252 2136 15

65 2173 177 2254 gressio
209 2173 349 2238 nondum
377 2173 534 2254 existeret,
565 2173 627 2236 iam
658 2176 764 2237 tamen
791 2172 1046 2256 transgressionis
1076 2171 1200 2255 culpam

64 2275 157 2341 futuri
182 2276 399 2342 intercessoris
426 2277 528 2343 forma
553 2277 733 2359 praeferret.
784 2295 978 2360 consequens
1005 2277 1110 2358 itaque
1138 2294 1199 2340 non

65 2385 129 2445 erat
154 2385 409 2447 consummatum
436 2385 529 2464 atque
556 2381 729 2464 perlectum
758 2381 797 2446 ad
819 2381 989 2466 imaginem
1015 2381 1099 2445 illius
1122 2380 1199 2462 lieri,

65 2501 117 2566 per
136 2503 229 2568 qnam
249 2505 377 2551 neeesse
399 2491 466 2551 erat
484 2485 640 2569 perditum
663 2487 809 2568 reparari,
832 2503 871 2550 ne
895 2486 953 2550 sub
976 2486 1101 2550 nominc
1123 2503 1199 2549 uen-

48 2589 124 2680 ·turi
148 2591 259 2655 medici
286 2592 318 2656 in
345 2591 413 2676 ipso
439 2595 579 2674 tempore
606 2591 703 2656 felicis
731 2589 845 2655 exordii
870 2589 1091 2672 subplantandi
1113 2589 1199 2654 uide·
1225 2619 1251 2658 eo

64 2697 146 2759 retur
175 2695 266 2760 ruina
295 2695 439 2778 praedici.
484 2695 516 2759 id
548 2712 620 2779 ergo
651 2695 765 2759 rationi
792 2695 892 2779 magis
919 2694 1075 2779 congruit,
1105 2697 1141 2758 ut
1166 2694 1197 2758 in

65 2795 194 2880 honrine,
218 2801 267 2864 cni
289 2801 321 2864 iu
340 2800 409 2882 ipsa
428 2799 630 2864 similitudine
646 2818 666 2863 a
680 2799 736 2863 deo
756 2799 875 2884 gratiae
898 2818 947 2864 res
970 2799 1112 2880 traditur,
1136 2817 1197 2863 non

65 2906 198 2985 naturae,
221 2905 325 2988 imago
348 2904 406 2969 hoo
428 2904 530 2988 potius
554 2907 761 2987 nuncupetur,
786 2903 867 2988 quod
890 2921 909 2968 a
930 2904 1030 2988 priore
1054 2907 1085 2968 et
1106 2922 1198 2988 supe-

65 3005 139 3071 riore
161 3009 337 3092 suscipitur,
361 3013 392 3073 et
414 3009 452 3073 de
476 3009 605 3074 ueritate
628 3009 798 3074 similitudo
818 3009 913 3073 fuisse
933 3009 1056 3074 conlata
1075 3008 1197 3091 plenius

66 3110 218 3194 iudicetur,
243 3132 337 3196 quam
354 3117 459 3178 tamen
476 3131 548 3178 cum
563 3111 626 3179 filio
643 3113 777 3178 naturali
791 3116 879 3196 pater
894 3113 960 3178 iure
976 3113 1195 3178 communicat.
1224 3139 1249 3179 se

65 3213 170 3282 deinde
186 3221 217 3282 et
233 3217 311 3283 illud
327 3219 489 3283 sollicitius
506 3218 733 3283 aduertendum
753 3223 810 3298 est,
831 3217 912 3300 quod
932 3217 1075 3282 dominus
1091 3221 1197 3282 nostor

65 3317 147 3386 lesus
171 3322 314 3388 Christus
342 3323 502 3405 inprime
530 3327 669 3408 tempore
697 3323 735 3388 de
763 3341 819 3388 suo
843 3321 972 3387 meliora
994 3323 1137 3403 contulit,
1165 3323 1196 3386 in

64 3427 192 3492 secundo
208 3431 315 3492 autem
332 3427 369 3491 de
385 3431 490 3492 nostro
505 3428 658 3492 deteriora
672 3428 816 3511 suscepit.
849 3431 881 3493 et
895 3431 1059 3512 propterea
1069 3428 1196 3517 ,quando

65 3545 101 3589 ex
119 3531 216 3596 nihilo
240 3549 296 3596 nos
319 3532 451 3614 parauit,
474 3532 644 3616 imaginem
667 3551 756 3596 snam
776 3533 875 3598 lactor
895 3533 1049 3616 adposuit,
1073 3531 1196 3614 quando

64 3647 132 3698 nero
152 3653 207 3700 nos
227 3637 363 3720 perditos
386 3637 552 3720 reparauit,
575 3637 708 3702 sormam
729 3637 812 3702 serui
832 3637 992 3702 restitutor
1012 3637 1195 3719 adsumpsit,
1223 3663 1249 3703 so

64 3736 139 3803 sicut
161 3741 204 3806 ait
226 3741 399 3826 apostolus:
426 3741 582 3806 formam
609 3742 709 3806 serui
737 3742 924 3826 accipiens
954 3743 991 3807 in
1021 3741 1195 3806 similitu-

64 3839 179 3910 dinem
210 3845 401 3911 hominum
434 3845 557 3912 iactus
590 3850 625 3912 et
651 3845 782 3912 habitu
809 3849 985 3912 inuentus
1013 3851 1053 3912 ut
1078 3845 1193 3912 homo.

163 4033 207 4106 31]
224 4035 295 4094 Phil.
314 4037 375 4102 2‚'l.

111 4207 339 4266 2adrumturusP
384 4209 569 4280 plerisquaeP
613 4211 783 4280 lpossintP
836 4213 868 4268 13
881 4211 958 4266 illiP
1004 4213 1036 4268 16
1048 4169 1197 4266 eisaretP

69 4293 103 4344 17
120 4292 214 4362 itaquae
233 4299 260 4352 P
316 4301 348 4356 18
367 4297 467 4366 adquae
487 4299 514 4353 P
565 4298 622 4352 tiori
641 4317 721 4354 omo
773 4301 807 4355 20
826 4299 921 4354 medici
940 4300 1092 4369 inscripsi,
1111 4297 1194 4352 medi-

66 4377 121 4430 cini
139 4381 167 4450 P,
184 4384 312 4440 medicis
364 4385 398 4440 25
416 4385 489 4438 israe
508 4387 535 4440 P
