2920 4930
554 417 650 472 Liber
670 417 698 471 11
718 421 757 474 12.
1184 419 1227 484 93

133 590 189 656 Sed
211 591 269 657 hoc
292 593 359 658 loco
383 593 534 658 sollicitus
557 593 701 657 intendat
724 593 845 658 auditor
864 595 982 658 auctori
998 613 1131 674 summo,
1155 613 1226 658 oum

96 694 245 762 hominem
268 697 426 780 plasmare
449 697 635 781 disponeret,
659 698 788 778 auctori,
811 699 950 779 inquam,
975 717 1097 764 summo
1121 701 1152 764 in
1169 700 1226 763 mi-

95 799 247 866 nisterium
271 805 303 866 et
325 802 491 866 consilium
514 801 650 866 hominis
671 801 845 867 fabricandi
861 805 1007 884 quattuor
1022 804 1147 868 astitere
1163 803 1226 868 uir-

95 908 177 970 tutes.
230 925 312 988 quae
346 909 514 988 quattuor?
566 907 707 988 potentia
736 907 859 988 utique,
899 907 1037 988 bouitas,
1072 907 1227 991 sapientia

95 1011 178 1090 atoue
209 1011 338 1074 iustitia.
384 1015 419 1074 tu
448 1011 529 1091 uide,
560 1029 655 1092 quam
686 1011 742 1076 deo
774 1030 810 1074 ex
840 1011 888 1076 his
919 1015 1065 1094 quattuor
1090 1012 1224 1076 defuisse
1266 1040 1278 1078 ⁵
1327 1033 1332 1046 ·

95 1131 268 1194 praesumas
303 1133 452 1180 asserere.
506 1115 609 1198 itaque
641 1116 678 1180 ad
710 1116 906 1180 intellectum
936 1117 1111 1180 euidentius
1141 1117 1226 1181 oolli-

93 1218 221 1298 gondum
244 1220 413 1302 proferant,
444 1221 471 1282 si
493 1220 605 1302 placet,
632 1220 773 1303 singulae
796 1221 874 1284 istae
898 1221 1030 1284 uirtutes
1054 1222 1141 1302 quasi
1163 1225 1226 1284 tra·

94 1327 187 1388 otatns
222 1328 254 1388 et
288 1325 499 1390 adlocutiones
534 1343 616 1388 suas.
677 1325 815 1407 potentia
845 1326 940 1390 dicat:
976 1326 1126 1390 faciamus
1156 1329 1226 1407 post

92 1427 162 1492 caeli
191 1447 324 1513 regnum
348 1430 380 1493 in
404 1429 548 1494 secundis
572 1429 748 1494 mirabilem
772 1433 957 1510 creaturam,
989 1449 1028 1494 nc
1049 1431 1082 1494 in
1105 1429 1226 1512 imperii

93 1533 183 1596 nostri
205 1534 414 1616 possessione,
438 1552 515 1616 quae
539 1534 641 1618 prima
663 1538 746 1614 sunt,
766 1527 847 1598 'haec
870 1535 964 1600 etiam
988 1534 1152 1598 uideantur
1175 1553 1225 1598 ex·
1254 1563 1278 1602 a

93 1639 194 1701 trema.
239 1639 333 1702 istam
365 1639 538 1721 speciosam
562 1639 670 1704 mundi
693 1639 870 1704 machinam
895 1657 1160 1718 consummemus,
1190 1642 1226 1702 ut

92 1739 119 1803 in
144 1759 179 1805 ea
200 1743 361 1808 hominem
384 1743 549 1824 faciamus,
581 1748 613 1807 et
634 1742 862 1825 praeficiamus,
893 1761 1065 1826 perquem
1089 1742 1224 1807 mundns

91 1845 253 1927 ordinetur,
276 1847 482 1930 possideatur,
506 1851 642 1912 ornetur.
685 1847 808 1912 bonitas
832 1848 928 1912 meat:
952 1847 999 1911 fas
1024 1865 1086 1912 non
1110 1851 1167 1927 est,
1191 1851 1226 1910 ut

92 1949 152 2013 sola
179 1949 337 2016 beneficiis
368 1953 483 2016 nostris
514 1952 662 2018 caelestia
690 1952 898 2035 perfruantur.
949 1953 1100 2016 iaciamus
1132 1955 1163 2015 et
1193 1952 1224 2016 in

92 2055 166 2118 terra
187 2055 358 2137 hominem,
382 2058 464 2121 circa
486 2076 581 2139 quem
605 2057 830 2124 abundantiam
852 2057 971 2141 gratiae
994 2059 1119 2122 nostrae
1140 2075 1225 2120 erer—
1253 2081 1277 2121 rs

91 2175 220 2241 scamus,
245 2161 326 2226 eirca
348 2179 442 2243 quem
465 2160 695 2226 beniuolentiae
718 2179 849 2226 munera
871 2161 1048 2240 dilatemus,
1076 2162 1108 2225 in
1131 2179 1225 2242 quem

91 2263 208 2342 pietatis
240 2265 398 2349 ingenitae
429 2265 552 2330 diuitias
579 2266 813 2348 profundamus
860 2267 1014 2348 sapientia
1036 2266 1131 2330 dicat:
1163 2283 1224 2329 non

91 2367 185 2432 solum
208 2369 373 2449 iaciamus,
397 2370 570 2434 sedetiam
594 2389 687 2434 sensu
711 2371 838 2435 rationis
862 2389 898 2434 ec
919 2371 1112 2434 discretionis
1128 2369 1225 2434 hono-

93 2488 201 2553 remus,
225 2475 408 2556 prudentiae
432 2475 549 2540 lnmine
572 2476 760 2558 repleamus
791 2475 944 2539 faciamus
968 2475 1152 2556 simplicem,
1179 2475 1226 2538 ta·

91 2575 204 2640 ciamus
228 2581 378 2642 astutum.
417 2579 602 2661 simplicem,
633 2599 671 2644 ne
695 2579 814 2642 malum
839 2579 968 2644 callidus
991 2579 1114 2658 inierat,
1139 2582 1225 2642 astu·
1251 2605 1277 2643 eo

90 2681 161 2760 tum,
185 2701 224 2746 ne
247 2681 391 2746 incautus
415 2683 560 2748 incurrat.
597 2684 790 2748 insinuemus
815 2684 842 2748 ei
859 2684 1006 2748 affectum
1028 2683 1110 2763 boni,
1134 2683 1225 2748 intel-

89 2781 198 2850 lectum
222 2786 298 2850 mali
322 2790 353 2850 et
375 2787 461 2851 iuxta
482 2787 743 2872 gubernationem
760 2791 898 2852 nostram
914 2788 1136 2869 permittamus
1153 2805 1224 2852 eum

90 2886 234 2954 inmann
257 2891 377 2954 consilii
400 2892 447 2956 sui
472 2909 508 2956 ac
530 2893 646 2976 proprii
670 2893 701 2956 in
725 2891 869 2956 libertate
893 2891 1004 2956 iudicii.

129 2992 255 3060 Tractat
277 2995 358 3060 inter
381 2995 458 3060 haec
481 3013 588 3060 secum
611 2997 760 3080 potentia,
784 2997 834 3060 cui
857 2997 939 3060 inest
962 3000 993 3060 ct
1008 2996 1222 3078 praescientia.

90 3097 157 3176 quid
181 3101 315 3182 agimus,
346 3100 427 3182 qnod
453 3119 535 3180 eum,
567 3101 592 3164 si
616 3101 744 3166 arbitrio
768 3119 824 3164 suo
847 3101 1056 3184 permittimus
1079 3100 1223 3180 liberum,
1251 3126 1276 3166 es

91 3199 118 3264 in
148 3205 268 3284 peccati
298 3203 390 3268 deuia
419 3206 651 3288 praenoscimus
683 3207 885 3270 transiturum
916 3209 948 3270 et
970 3206 1121 3287 pretiosae
1144 3205 1225 3270 dona

91 3304 221 3372 iacturae
256 3325 480 3374 conuersumm
512 3325 580 3374 esse
611 3311 831 3393 praedicemus
863 3310 901 3374 ed
931 3311 1142 3374 instrumenta
1171 3329 1224 3372 ne-

90 3411 220 3490 quitiae?
267 3417 299 3478 et
328 3413 395 3478 ideo
427 3415 453 3478 si
483 3431 560 3498 opus
590 3416 622 3478 in
654 3433 689 3480 eo
720 3418 861 3480 nostrum
892 3415 1036 3478 uolumus
1065 3434 1132 3478 esse
1154 3433 1224 3498 per-

89 3519 222 3599 petuum,
247 3519 394 3582 tollamus
418 3519 445 3582 ei
469 3519 506 3584 de
529 3523 683 3602 potestate
707 3523 879 3603 peccatum.
915 3519 989 3584 dicit
1007 3520 1137 3584 iustitia:
1161 3537 1222 3584 non

90 3617 130 3682 ita
151 3625 204 3686 est.
245 3641 308 3687 non
331 3623 469 3706 conpetit
491 3623 613 3707 legibus
637 3625 762 3704 nastris,
786 3627 821 3688 nt
844 3624 881 3704 is,
904 3641 999 3705 quern
1023 3642 1042 3688 a
1063 3624 1223 3689 contrariis
1249 3647 1276 3688 eo

90 3729 204 3808 oportet
226 3725 363 3810 probari,
388 3727 426 3791 de
449 3727 568 3793 uiribus
591 3729 656 3794 suis
679 3747 741 3794 non
763 3730 861 3812 possit
884 3729 1019 3812 agnosci.
1066 3747 1127 3794 non
1151 3747 1223 3794 con·

131 3909 227 3963 laum
248 3905 388 3962 sollicitius
406 3909 597 3966 amoenata?
650 3909 759 3964 indata
812 3909 1023 3964 2ministeriom
1042 3909 1078 3964 Ρ1
1135 3909 1223 3964 euti-

91 4031 151 4084 quae
170 4021 197 4074 P
266 4021 401 4090 5adquac
419 4021 448 4077 P
511 4023 651 4092 ditaquae
670 4023 698 4076 P
760 4023 980 4092 iproleruntP
1047 3979 1222 4088 tloaouPfli

91 4109 228 4176 maaca.)
282 4111 315 4164 10
333 4113 421 4164 nostra
439 4109 467 4164 P
520 4112 550 4165 ll
570 4109 622 4164 ista
640 4111 667 4163 P
722 4111 753 4165 12
771 4109 964 4179 praefaciamus
983 4111 1011 4165 P
1064 4111 1095 4165 ll
1113 4109 1172 4178 sola}
1197 4111 1225 4164 P

92 4193 120 4246 15
141 4193 324 4250 habundantia
344 4197 372 4252 P
442 4199 474 4252 lt
499 4195 694 4250 bouiuolentiae
717 4197 744 4251 P
813 4213 907 4266 quaem
928 4199 956 4252 P
1027 4199 1058 4252 19
1076 4196 1177 4266 lunrinp
1197 4197 1224 4250 P

91 4277 121 4331 23
138 4281 229 4336 consili
248 4283 275 4338 P
325 4284 359 4338 al
378 4284 509 4354 potentia]
529 4285 692 4354 sapientiae
745 4285 778 4340 25
797 4285 819 4338 si
838 4303 922 4340 omo
981 4287 1015 4340 26
1032 4284 1177 4354 praetiosae
1198 4285 1224 4338 P

91 4366 121 4420 28
138 4373 278 4437 perpetuum
298 4371 325 4424 P
377 4373 410 4426 29
429 4372 452 4424 ei
470 4373 577 4441 scopet,
595 4388 656 4426 eum
674 4372 702 4425 P
