2920 4930
255 408 297 472 64
717 407 738 461 Ι.
757 407 801 460 De
820 407 927 474 gratia
966 457 970 468 ,

255 585 289 646 ut
317 600 386 646 eam
413 581 494 646 oculi
522 582 603 646 acies
626 582 869 664 contempletur,
896 585 1086 646 nouantem
1110 582 1216 648 oculus
1240 582 1329 662 facit,
1356 587 1390 646 nt

254 704 303 750 res
326 686 461 750 uidenda
484 689 642 766 nascatur,
670 685 714 750 ita
737 690 768 749 et
790 686 996 768 praescientia
1019 685 1068 750 dei
1095 704 1145 766 ea,
1172 705 1252 768 quae
1275 687 1312 750 de
1335 687 1389 751 lro

254 790 347 854 minis
370 789 489 854 meritis
513 793 658 854 secutura
680 795 764 870 sunt,
787 807 850 854 non
873 794 909 854 nt
929 790 1074 854 eueniant
1094 790 1198 873 exigit,
1222 791 1277 854 sed
1295 811 1389 856 eucn-

254 898 325 959 tura
346 895 525 977 praecurrit.
572 898 603 958 et
625 895 699 976 quia
721 895 817 958 sacris
841 895 971 976 eloquiis
995 894 1089 960 moris
1113 899 1170 976 est,
1196 899 1232 959 ut
1258 914 1313 978 per
1336 897 1389 960 ad·

213 1025 226 1065 s
254 1003 414 1082 sumptam
441 1016 668 1080 quamcumque
696 998 935 1062 similitudinem
963 999 1147 1064 asserendae
1174 999 1218 1062 rei
1248 999 1389 1081 aperiant

253 1105 432 1183 ueritatem,
460 1103 541 1166 sicut
568 1103 723 1166 interdum
751 1103 802 1166 uel
824 1120 921 1186 grano
945 1103 1046 1187 sinapi
1069 1103 1120 1166 uel
1142 1104 1296 1168 fermento
1321 1123 1388 1168 mu-

252 1208 336 1271 lieris
360 1208 558 1291 euangelicae
581 1207 631 1271 uel
655 1225 788 1291 sagenae
816 1207 930 1272 missae
957 1208 989 1271 in
1017 1225 1102 1272 mare
1130 1211 1170 1288 et,
1198 1225 1277 1289 qnae
1299 1209 1389 1291 plura

252 1312 327 1376 talia
342 1315 425 1392 sunt,
442 1330 573 1395 regnum
590 1313 746 1376 caelorum
762 1312 895 1395 legimus
911 1313 1083 1394 conparari,
1101 1312 1145 1376 ita
1160 1316 1192 1376 et
1207 1329 1264 1376 uos
1280 1313 1388 1376 distin·

251 1435 346 1500 gnere
377 1420 537 1500 cupientes
567 1417 673 1481 futura
702 1417 844 1481 instituto
874 1435 973 1500 genus
1004 1417 1159 1500 colligitur
1185 1417 1386 1500 praesciendi.

202 1547 226 1585 ro
252 1520 333 1603 quod
349 1522 374 1585 si
389 1521 544 1604 praescire
560 1521 734 1604 conpellere
758 1525 816 1601 est,
837 1521 891 1604 qni
910 1521 1072 1604 praeuidet
1091 1524 1295 1604 peccatorem,
1317 1539 1387 1604 ergo

251 1626 318 1708 ipse
346 1643 440 1690 causa
465 1626 584 1708 peccati
612 1629 680 1690 ests
724 1625 860 1708 praescit
887 1625 1074 1690 adulterium
1101 1625 1191 1705 dens,
1223 1643 1295 1709 ergo
1323 1625 1387 1708 ipse

251 1748 323 1794 ossa
346 1734 377 1794 et
399 1731 551 1794 medullas
579 1730 702 1814 ignibus
726 1729 851 1795 obsceni
874 1729 986 1794 furoris
1013 1728 1209 1794 inflammat?
1253 1729 1387 1813 praescit

251 1835 327 1898 deus
348 1835 547 1915 homicidam,
571 1835 722 1917 numquid
739 1835 806 1918 ipse
821 1834 969 1900 bestiales
989 1839 1093 1900 motus
1108 1833 1297 1918 perturbatis
1318 1853 1388 1898 sen-

251 1938 338 2003 sibus
361 1939 516 2024 suggerit,
544 1940 610 2023 ipse
638 1939 676 2003 ad
699 1939 912 2024 peragendum
934 1939 1057 2004 facinus
1079 1939 1217 2022 gladium
1240 1941 1387 2002 cruentae

199 2067 224 2108 rr
251 2045 365 2108 mentis
390 2044 532 2108 exacuit?
569 2045 704 2126 praescit
727 2044 870 2126 impium,
894 2061 966 2127 ergo
989 2045 1056 2126 ipse
1079 2043 1118 2108 ad
1140 2043 1271 2126 profana
1293 2043 1387 2106 sacri·

250 2147 321 2212 ficia
348 2148 494 2231 spiritum
522 2147 673 2212 dementis
701 2148 852 2232 instigat?
901 2149 986 2212 itane
1013 2165 1146 2229 quaram
1173 2165 1278 2212 rernm
1306 2147 1387 2210 ultor

251 2257 312 2334 est,
344 2270 451 2317 earum
482 2255 512 2316 et
542 2255 648 2316 auctor
678 2270 746 2316 esse
776 2251 948 2316 credendus
979 2254 1047 2316 est?
1078 2255 1110 2315 et
1138 2251 1218 2316 inter
1244 2251 1322 2314 haec
1349 2250 1386 2314 ad

251 2357 369 2420 malum
389 2375 555 2439 perurgere
574 2356 757 2420 iudicandus
782 2359 829 2420 est
852 2356 992 2438 captiuae
1015 2356 1184 2420 uoluntatis
1208 2355 1386 2433 adsensum,

250 2461 303 2542 qui
331 2479 388 2524 nec
416 2461 538 2525 diabolo
566 2461 741 2544 conpellere
770 2461 913 2544 permisit
942 2460 1099 2524 inuitum?
1152 2460 1299 2524 uoluntas
1330 2462 1386 2538 est,

144 2619 153 2636 .
197 2589 222 2628 ao
249 2583 328 2646 quae
350 2569 494 2648 operatur
517 2565 680 2645 delictum,
704 2565 850 2630 uoluntas
874 2569 936 2645 est,
964 2581 1043 2646 quae
1066 2568 1204 2628 meretur
1227 2563 1384 2628 auxilinm.

292 2668 351 2736 Sed
378 2669 469 2733 diois:
498 2670 622 2734 inuenio
649 2669 703 2734 ubi
730 2670 798 2734 sola
823 2670 926 2753 gratia
955 2669 1022 2733 eine
1054 2670 1202 2734 societate
1229 2669 1385 2732 humanae

247 2774 418 2838 uoluntatis
449 2778 601 2856 operetur,
633 2791 707 2838 nam
729 2774 762 2838 in
782 2773 946 2838 Bethleem
969 2773 1072 2838 omnis
1094 2773 1309 2838 innocentium
1331 2789 1386 2855 po-

248 2879 340 2961 pulus
364 2882 429 2942 tam
452 2877 578 2943 beatam
605 2882 737 2944 mortem
768 2895 803 2942 en
831 2878 898 2942 sola
924 2877 973 2940 dei
999 2877 1282 2959 praedestinatione
1313 2894 1386 2940 con-

248 2983 397 3064 sequitur.
442 3000 504 3047 non
531 2983 575 3047 ita
602 2987 658 3046 est.
705 3000 778 3046 nam
806 2985 873 3046 tum
901 2981 1031 3046 forsitan
1054 2981 1151 3044 solius
1173 2981 1293 3064 gratiae
1316 2999 1386 3045 ner-

196 3109 221 3149 as
249 3091 366 3150 teretur
378 3087 526 3170 operatio,
542 3087 568 3151 si
583 3087 757 3152 innocentis
774 3086 933 3170 sanguinis
949 3103 1011 3150 non
1026 3085 1251 3150 intercessisset
1264 3083 1384 3148 effusio.

250 3191 331 3272 qnod
353 3191 380 3254 si
402 3209 465 3255 una
488 3195 562 3256 tunc
584 3191 644 3256 fuit
665 3191 877 3256 innocentium
899 3208 1003 3270 causa,
1031 3208 1085 3254 cm·
1109 3207 1170 3254 non
1198 3189 1300 3254 omnis
1323 3189 1386 3254 illic

249 3295 388 3359 saluatur
409 3296 561 3360 infantia?
604 3295 642 3360 ab
666 3295 750 3360 illius
774 3297 858 3360 enlm
880 3294 1028 3377 temporis
1052 3294 1149 3377 gloria
1172 3293 1273 3358 omnis
1297 3297 1384 3357 aetas

248 3399 375 3463 alterius
391 3417 482 3464 serus
498 3399 601 3464 aliena
623 3403 680 3464 cst.
718 3399 745 3464 si
760 3399 809 3464 uis
824 3397 1116 3482 praedestinationis
1139 3398 1308 3481 specialem
1330 3415 1385 3479 per

248 3504 386 3587 singulos
403 3503 478 3568 facit
497 3503 717 3586 conditionem,
741 3521 795 3568 cur
811 3503 862 3567 hic
881 3521 990 3568 omnes
1010 3501 1097 3586 pueri
1112 3501 1244 3566 diuersis
1264 3501 1384 3566 dierum

195 3632 221 3672 oo
247 3609 299 3672 uel
321 3627 488 3672 mensuum
515 3607 708 3692 temporibus
737 3609 801 3672 nati
827 3625 922 3672 unam
946 3607 1088 3672 obtinent
1110 3606 1314 3672 felicitatem?
1358 3606 1386 3669 si

292 3833 365 3903 lllut
382 3835 451 3900 (crat
468 3834 564 3901 aut)P
615 3833 822 3888 2hominumo
875 3836 1119 3902 5quamoumquae
1133 3833 1160 3886 P
1211 3831 1344 3886 assarodae
1358 3833 1386 3886 P

247 3923 393 3990 dgranum
413 3921 440 3975 P
503 3921 636 3990 sinapiso
699 3919 824 3974 firmento
843 3921 870 3974 P
930 3922 991 3974 let
1008 3935 1074 3988 quae
1092 3919 1201 3988 cespes,
1218 3935 1285 3988 quac
1305 3919 1337 3981 P,
1357 3923 1384 3972 ct

247 4023 360 4077 querno
429 4009 527 4064 scunt
544 4025 630 4063 omo
699 4007 855 4063 9futnram
875 4007 902 4062 P
969 4005 1125 4061 institutio
1195 4005 1334 4074 collegitur
1358 4006 1386 4059 P

248 4099 280 4151 ld
298 4093 432 4164 praeuidit
450 4095 477 4148 P
527 4095 735 4164 peccatornmP
787 4095 969 4163 13molltusP
1021 4095 1052 4149 14
1066 4094 1214 4147 cruenteP
1266 4091 1384 4148 16ultor

246 4183 298 4252 est]
318 4182 431 4234 ultorem
450 4182 477 4235 P
539 4183 570 4236 19
589 4179 696 4234 diabulo
714 4183 741 4236 P
801 4184 834 4237 22
852 4197 942 4234 omnes
962 4181 989 4234 P
1050 4181 1085 4236 23
1103 4179 1339 4250 praedistinatiorra
1359 4181 1386 4234 P

246 4273 279 4324 24
298 4269 419 4322 forsitam
437 4269 464 4322 P
533 4271 566 4323 26
585 4283 653 4336 quur
672 4269 698 4322 P
766 4270 799 4324 28
820 4267 1065 4336 praedistinationis
1086 4267 1114 4322 P
1181 4266 1338 4336 speciealem
1359 4268 1387 4320 P

246 4359 279 4412 29
297 4371 365 4423 quur
383 4357 411 4410 P
