2886 4928
504 420 601 476 Liber
619 422 633 475 I
653 424 761 478 12-13.
1138 423 1199 488 125

111 594 189 660 Nihil
211 595 317 679 itaque
340 597 372 660 in
395 597 508 680 spiritu
531 599 639 662 sancto
663 598 871 680 semiplenum
886 601 1023 682 putetur,
1046 599 1120 681 quia
1134 600 1200 683 ple-

78 698 196 764 nitudini
219 703 425 784 comparatur.
463 702 614 785 namqui
637 702 677 767 ad
699 703 802 767 uicem
824 703 872 767 dei
895 702 1031 786 pigneris
1054 703 1121 768 loco
1144 704 1199 768 tri·

77 801 177 886 buitur,
208 805 256 870 fas
279 823 342 870 non
366 809 423 887 est,
451 809 486 870 ut
509 806 593 870 aliud
616 825 711 888 quam
734 807 811 871 deus
834 825 903 871 esse
926 807 1078 872 credatur.
1123 808 1199 872 item

77 908 237 974 unium:
261 911 388 976 saluos
411 928 477 976 nos
500 911 593 975 fecit
611 931 675 994 per
690 911 882 976 lauacrnm
898 911 1199 994 regenerationis

77 1017 106 1076 et
130 1015 384 1080 renouationis
415 1015 573 1099 spiritus
605 1015 739 1096 sancti,
770 1034 877 1098 quem
908 1015 1045 1080 effudit
1073 1016 1110 1080 in
1133 1034 1238 1082 noso

77 1115 205 1184 abunde
228 1139 292 1203 per
308 1120 432 1184 Iesum
453 1119 653 1184 Christum.
692 1138 762 1184 ecce
786 1119 881 1184 etiam
904 1119 955 1184 bic
978 1119 1035 1184 sub
1059 1121 1199 1186 trinitate

77 1223 227 1288 manifesta
248 1227 337 1307 pater
360 1243 415 1308 per
437 1224 537 1288 filium
557 1223 782 1289 abundantiam
798 1225 897 1288 sancti
917 1224 1043 1306 spiritus
1068 1223 1200 1289 effundit

77 1327 109 1404 et,
129 1327 206 1408 quod
220 1329 272 1392 uel
287 1329 422 1392 maxime
438 1328 664 1393 aduertendum
681 1331 737 1408 est,
754 1329 812 1412 ipsi
829 1331 935 1392 sancto
951 1328 1075 1410 spiritui
1090 1333 1198 1410 poten-

77 1429 141 1494 tiam
154 1433 397 1516 regenerationis
414 1437 445 1498 et
460 1433 670 1498 renouationis
694 1432 850 1498 adscribit.
886 1432 997 1496 Petrus
1021 1450 1142 1515 quoquc
1166 1433 1198 1498 in

77 1535 195 1616 epistula
217 1555 276 1602 sua
297 1537 538 1620 inseparabilem
560 1538 702 1622 personis
726 1523 859 1621 explicat
882 1537 1053 1602 trinitatem
1076 1537 1196 1602 dicens:
1226 1565 1250 1604 ιο

76 1641 261 1706 seeundum
273 1643 569 1724 praescientiam
583 1643 640 1707 dei
652 1643 785 1725 patris,
801 1641 837 1705 in
850 1641 1198 1707 sanctificationem

74 1743 231 1827 spiritus,
265 1747 302 1810 in
336 1747 614 1812 oboedientiam
645 1751 682 1812 et
712 1746 968 1830 aspersionem
1001 1747 1197 1830 sanguInis

73 1844 145 1912 lesu
160 1849 301 1915 Christi
320 1851 444 1935 gratia
465 1851 572 1916 uobis
596 1855 630 1916 et
653 1870 720 1934 pax
740 1851 1024 1934 multiplicetur.
1060 1851 1091 1915 in
1108 1869 1198 1935 prae-

73 1952 189 2019 scientia
209 1959 310 2039 pater,
333 1953 366 2020 in
389 1955 635 2022 sanctificatione
658 1956 786 2040 spiritus
810 1959 947 2036 sanctus,
971 1956 1197 2040 inaspersione

72 2059 217 2142 sanguinis
241 2059 386 2126 cbristus
409 2061 595 2126 ostenditur.
1224 2087 1249 2126 rs

582 2287 671 2352 XIII.

288 2447 434 2490 LOOALEM
457 2448 520 2490 NON
542 2448 618 2490 ESSE}
642 2449 787 2490 smmum
811 2447 964 2492 SANCTUM.

106 2578 202 2646 Deum
233 2582 379 2666 spiritum
411 2586 555 2648 sanctum
583 2603 619 2648 or
642 2583 707 2648 suis
731 2583 898 2648 uirtutibus
923 2587 954 2648 et
976 2583 1121 2667 operibus
1144 2584 1196 2648 de·

69 2689 276 2751 monstremus.
323 2687 424 2752 omnis
452 2691 596 2752 creatura
622 2689 703 2752 sicut
725 2692 902 2770 temporum
926 2688 1022 2752 initiis
1045 2687 1195 2769 subiacet,

68 2784 105 2850 ita
124 2793 154 2854 et
175 2791 305 2856 localem
329 2811 363 2856 se
386 2791 478 2856 certis
502 2792 610 2875 spatiis
635 2796 666 2857 ct
688 2791 801 2857 finibus
826 2793 1060 2875 circumscripta
1082 2810 1195 2876 cogno·
1222 2819 1248 2860 eo

67 2891 125 2956 seit.
170 2895 297 2978 spiritus
328 2899 454 2962 sanetus
485 2897 579 2961 nullis
609 2897 750 2961 terminis
781 2900 944 2978 tamquam
974 2897 1096 2961 factura
1121 2915 1195 2962 cen-

67 2994 199 3081 cluditur,
223 2999 299 3064 deus
323 3019 451 3065 neeesse
475 3005 523 3066 est
544 3019 599 3082 pro
623 3002 691 3085 ipsa
713 3001 856 3066 libertate
877 3001 1006 3065 diffusae
1021 3002 1194 3066 maiestatis

67 3097 216 3168 habeatnr.
284 3104 402 3170 domini
436 3105 600 3170 saluatoris
635 3105 673 3170 ad
707 3106 863 3190 apostolos
898 3125 956 3172 uox
990 3109 1053 3170 est:
1091 3105 1195 3171 dabit

66 3205 181 3288 uobis,‘
206 3209 318 3290 inquit,
349 3213 455 3292 pater
485 3210 660 3293 spiritum
688 3211 881 3291 ueritatiS,
911 3211 973 3292 qni
1000 3209 1194 3276 uobiscum

66 3307 111 3372 sit
131 3311 165 3376 iu
188 3317 395 3378 aeternum.
441 3315 468 3378 si
491 3315 598 3379 localis
623 3319 671 3379 est
694 3319 725 3380 et
744 3319 893 3398 perpetuo
910 3315 941 3378 in
958 3316 1018 3379 illis
1035 3315 1193 3398 manebat,
1220 3343 1245 3382 ετ,

65 3413 160 3496 obque
190 3418 266 3483 alibi
289 3437 358 3484 esse
382 3437 443 3484 non
466 3423 597 3502 poterat.
643 3420 816 3500 uideamus,
840 3421 864 3484 si
889 3420 953 3484 eius
978 3425 1090 3485 natura
1111 3423 1193 3486 loca-

158 3607 186 3677 l]
205 3607 257 3664 Tit.
271 3611 296 3674 3,
310 3612 334 3664 5.
389 3609 433 3678 ll]
454 3613 466 3666 1
481 3609 553 3664 Petr.
568 3613 590 3673 l,
603 3613 628 3665 2,

105 3805 117 3861 l
138 3807 173 3862 nil
186 3809 214 3864 P
264 3774 514 3880 sempedssplpleunm
533 3811 561 3866 P
576 3809 636 3881 (sup
655 3812 816 3879 maalon),
834 3827 938 3882 semper
956 3812 999 3866 uel
1017 3811 1192 3882 semiplenum

63 3905 135 3960 super
152 3895 258 3964 plenum
281 3895 390 3966 plenum
409 3915 425 3952 u
476 3899 671 3967 Iconparctur
684 3899 711 3952 P
761 3897 952 3953 flauacbrum
966 3901 993 3954 P
1044 3899 1195 3954 5nobisP

61 3982 75 4028 b
91 3979 227 4036 babuudae
245 3985 275 4052 V,
293 3982 417 4038 habunde
431 3985 458 4038 P
509 3983 710 4040 ‘lmanifesteo
762 3985 872 4054 spiritus
885 3987 969 4040 saneti
983 3987 1010 4040 P
1060 3986 1155 4040 effudit
1168 3987 1195 4040 P

61 4067 132 4120 boel
150 4087 235 4125 omo
295 4071 435 4140 spirituV
492 4071 651 4126 llasscribit
668 4074 696 4126 P
749 4076 780 4128 10
798 4073 1039 4143 insuperabilemo
1101 4077 1130 4130 11
1151 4073 1191 4143 in]

60 4154 126 4208 021²
177 4157 427 4214 sanctificatioch
480 4161 511 4214 14
529 4159 616 4228 pater]
636 4163 662 4212 ei·
680 4160 779 4214 addc
831 4164 939 4214 sanetus
957 4179 1037 4217 omo
1091 4164 1123 4216 19
1141 4161 1192 4214 ini-

60 4237 102 4292 tiis
120 4243 147 4296 P
206 4247 239 4300 20
258 4247 286 4300 ot
303 4263 390 4324 omo
442 4243 553 4300 localem
572 4245 610 4316 se]
629 4245 720 4300 localis
739 4263 794 4301 esse
813 4248 840 4301 P
896 4249 991 4317 spaciis
1009 4249 1036 4303 P
1095 4265 1192 4316 cogno-

60 4371 136 4426 uitur
155 4375 183 4428 P
243 4379 275 4432 21
293 4335 386 4444 liquit
404 4377 430 4431 P
446 4377 592 4446 (moprcser.
607 4379 760 4447 uacauit),
778 4381 854 4446 pater
871 4379 991 4447 inquito
