2924 4924
242 391 305 456 238
665 393 731 448 IllI.
749 393 859 448 Sermo
876 396 952 448 4-5.

241 569 459 652 praesentibus
482 589 578 651 essee,
601 571 659 634 hoo
681 570 749 634 siue
772 569 865 635 dubio
888 570 1104 654 responderes:
1138 588 1193 652 pro
1217 591 1269 634 me
1293 575 1373 636 stans

242 675 338 754 oraui,
362 675 435 756 quia
456 691 511 758 pro
535 692 596 754 me,
622 673 675 756 qui
697 677 780 739 reete
802 675 859 738 deo
883 674 1009 754 seruiui,
1032 675 1064 739 in
1087 675 1202 740 orando
1226 679 1260 740 et
1282 676 1374 759 impe

242 778 352 842 trando
368 797 431 843 non
445 777 595 860 laboraui,
618 779 700 860 quia,
724 779 777 861 qui
791 796 846 860 pro
867 779 948 844 iusto
964 783 1041 859 orat,
1064 797 1126 844 non
1148 779 1282 864 laborat.
1311 780 1373 844 ideo

242 885 330 946 stans
352 900 408 964 pro
431 901 466 947 se
488 882 597 948 orauit.
645 883 717 948 inde
740 886 870 948 uentum
894 886 952 964 est,
983 887 1020 948 ut
1041 887 1144 948 oraret
1165 902 1221 967 pro
1245 885 1373 962 Iudaeis,

203 1009 216 1048 s
242 1005 297 1069 pro
325 987 575 1053 interfectoribus
599 988 723 1068 Christi,
750 1007 805 1071 pro
832 988 1083 1053 interfectoribus
1106 993 1298 1072 sanatorum,
1324 1006 1373 1072 pro

241 1091 465 1174 lapidatoribus
489 1092 564 1156 suis.
600 1093 673 1174 quia
695 1092 837 1156 adtendit
858 1093 987 1156 nimiam
1010 1095 1042 1156 et
1064 1111 1213 1176 magnam
1235 1111 1306 1165 esse
1319 1093 1373 1157 im-

241 1196 391 1277 pietatem
415 1197 563 1280 ipsorum,
587 1215 666 1279 quae
690 1197 813 1261 difficile
836 1197 943 1261 donari
965 1197 1073 1280 possit,
1096 1215 1178 1281 genu
1200 1196 1295 1262 flexit.

285 1299 450 1364 Imitemur
477 1320 559 1384 ergo,
589 1301 701 1366 fratres
728 1301 933 1382 dilectissimi,
966 1302 1016 1366 uel
1044 1301 1076 1366 in
1103 1305 1258 1384 quantum
1285 1301 1373 1365 dona·

242 1404 324 1468 uerit
350 1404 436 1484 deus,
464 1403 593 1470 beatum
615 1403 823 1488 Stephanum,
853 1405 1019 1489 diligamus
1047 1423 1109 1470 non
1136 1405 1239 1470 solum
1263 1405 1372 1470 amieos

191 1533 217 1572 ιο
243 1507 297 1572 sed
325 1508 419 1572 etiam
441 1509 594 1590 inimicos,
621 1510 693 1592 quia
716 1509 793 1574 nihil
820 1512 879 1590 est,
907 1509 988 1574 unde
1016 1509 1061 1574 sio
1087 1513 1119 1574 et
1144 1513 1274 1592 peooata
1299 1509 1372 1574 redi·

242 1631 328 1678 mere
351 1617 383 1678 et
404 1613 563 1678 diabolum
587 1615 711 1679 uinoere
735 1617 766 1678 et
788 1615 882 1680 deum
904 1615 1028 1698 plaoare
1051 1614 1218 1698 possimus.
1246 1614 1372 1696 denique

243 1718 288 1781 sio
309 1717 376 1802 ipse
399 1718 543 1782 dominus
566 1719 656 1783 dixit:
695 1719 779 1782 date
807 1721 844 1784 et
871 1717 1021 1783 dabitur
1047 1718 1169 1799 uobis,
1197 1718 1371 1783 dimittite

244 1825 280 1886 et
306 1822 521 1887 dimittetur
549 1823 670 1904 uobis,
702 1827 733 1888 et
756 1823 885 1887 iterum:
916 1823 947 1887 si
974 1823 1196 1888 dimiseritis
1223 1821 1373 1888 homini·

243 1926 310 1990 bus
344 1931 500 2008 peooata
529 1945 669 2007 eorum,
704 1927 872 1992 dimittet
902 1930 938 1991 et
970 1926 1076 1992 uobis
1110 1930 1218 2011 pater
1252 1929 1372 1990 uester

192 2054 217 2095 rs
243 2033 420 2096 caelestis
448 2032 587 2096 delicta
616 2036 743 2096 uestra
773 2035 809 2096 et
835 2036 968 2096 uetera.
1015 2032 1129 2112 uidete,
1163 2032 1286 2110 fratres,
1320 2030 1373 2094 mi·

244 2135 443 2200 serioordiam
466 2136 584 2200 domini
607 2138 714 2201 nostri.
742 2137 774 2200 in
801 2139 956 2220 potestate
980 2139 1086 2201 nostra
1107 2135 1219 2218 posuit,
1248 2135 1373 2217 qualiter

243 2239 274 2304 in
298 2240 347 2304 die
369 2240 473 2304 iudieii
496 2241 712 2306 iudiearemur.
755 2241 783 2306 si
805 2241 1009 2321 dimittamus
1033 2241 1207 2305 dimittetur
1230 2239 1329 2316 nobis,
1350 2237 1374 2300 si

244 2362 305 2408 non
329 2344 533 2424 dimittamur,
557 2363 619 2409 non
643 2345 817 2410 dimittetur
839 2345 940 2409 nobis.
970 2345 1137 2429 diligamus
1161 2361 1245 2428 ergo,
1267 2344 1372 2408 tratres

244 2448 449 2529 dilectissimi,
473 2466 535 2513 non
551 2450 653 2513 solum
673 2449 788 2514 amieos
805 2449 859 2513 sed
876 2450 970 2513 etiam
993 2449 1146 2529 inimiooS,
1168 2453 1205 2512 ut
1220 2448 1259 2511 ad
1281 2445 1373 2512 tribn-

192 2576 218 2615 ro
244 2553 297 2616 nal
319 2553 428 2616 iudieis
453 2553 571 2618 aeterni
598 2572 670 2618 oum
694 2571 802 2618 secura
824 2553 1013 2618 conscientia
1040 2553 1205 2618 ueniamus
1228 2552 1372 2616 dieentes:

244 2657 294 2736 da,
317 2657 450 2737 domine,
473 2658 547 2739 quia
569 2657 721 2738 dedimus,
745 2658 877 2739 dimitte,
900 2657 974 2739 quio
995 2657 1181 2722 dimisimus.
1227 2674 1283 2720 nos
1305 2655 1373 2719 feei·

244 2780 325 2842 mua,
349 2763 430 2843 quod
452 2762 582 2843 iussisti,
605 2767 640 2828 tu
662 2763 768 2846 imple,
791 2762 872 2845 quod
894 2762 1074 2844 promisish‘,
1096 2761 1179 2844 quod
1201 2761 1269 2845 ipse
1290 2777 1373 2844 prae-

244 2865 350 2946 stabit,
380 2866 433 2952 qni
460 2884 532 2930 oum
558 2869 646 2949 patre
673 2867 752 2931 uiuit
779 2869 811 2932 et
836 2869 948 2952 regnat
973 2884 1046 2930 eum
1072 2867 1184 2949 spiritu
1212 2868 1318 2930 saneto
1343 2861 1372 2924 iu

244 2971 370 3034 saecula
392 2971 597 3036 saeculorum.
622 2971 735 3037 Amen.

191 3151 218 3192 as
792 3127 830 3193 V.

452 3272 554 3314 SERMO
576 3273 608 3314 ΙΝ
630 3273 747 3314 ΝΔΤΔΙΔ
770 3273 931 3315 munuuuu
953 3270 1172 3314 muocuuutuu.

288 3389 399 3469 Hodie,
422 3389 534 3454 fratres
551 3390 714 3470 carissimi,
737 3391 875 3455 natalem
898 3391 1023 3455 illorum
1045 3389 1215 3454 infantium
1238 3389 1371 3465 oohmus,

244 3511 321 3574 quos
344 3492 383 3557 ab
399 3493 522 3559 Herode
544 3513 617 3578 rege
638 3495 816 3559 interfectos
840 3513 908 3559 esse
931 3494 1085 3578 euangelii
1107 3497 1211 3558 textus
1234 3494 1371 3576 loquitur.

349 3665 393 3736 12]
410 3665 474 3720 Luo.
487 3669 512 3732 6,
525 3669 566 3724 38.
579 3669 620 3723 37.
675 3667 719 3738 13]
738 3666 870 3732 Martha
885 3668 923 3722 14.

289 3825 438 3893 lfortusre
459 3823 488 3877 in
508 3823 692 3892 praesentibus
714 3824 884 3880 scrutandum
951 3821 1070 3876 liudeis
1088 3822 1118 3877 D
1188 3818 1372 3890 dquisddten·

245 3909 286 3964 dit
304 3911 333 3965 D
394 3913 479 3978 ique
498 3909 600 3964 defloile
618 3912 648 3966 D
708 3911 886 3968 8emitamur
903 3911 933 3964 D
988 3911 1020 3965 10
1038 3907 1173 3962 redemere
1190 3909 1221 3963 D
1273 3911 1302 3963 ll
1322 3905 1373 3959 dia

244 3995 310 4050 butu
330 3997 359 4052 D
421 3999 453 4053 12
476 3996 586 4051 demitte
609 3997 638 4052 D
700 3999 732 4054 13
751 3997 907 4052 demittetur
924 3997 954 4051 D
1015 3995 1174 4049 demiseritis
1193 3996 1222 4050 D
1283 3995 1315 4050 14
1333 3991 1373 4044 de

245 4085 336 4138 mittet
358 4085 387 4139 D
459 4086 490 4140 17
509 4083 682 4138 demittamne
704 4084 861 4139 demittetur
883 4085 912 4139 D
932 4089 1045 4154 atropos
1068 4085 1126 4138 loeo
1196 4079 1374 4138 austerus

244 4173 277 4226 21
292 4170 403 4226 demitte
416 4172 445 4226 D
498 4171 653 4226 demisimus
664 4173 694 4226 D
746 4174 780 4226 26
798 4171 894 4240 incipit
905 4185 990 4224 sermo
1002 4167 1044 4224 iht
1056 4168 1163 4224 inlantd
1180 4169 1259 4224 ilioni
1276 4167 1373 4221 dissen-

246 4257 802 4326 dus(eiol)D,·asstathteeemoister
827 4259 923 4314 drobios
946 4253 1374 4328 Aspusttm'sermouesGUXX

245 4345 300 4414 (39,
316 4349 387 4400 2152
404 4346 457 4412 Μ.)
509 4348 544 4402 28
562 4345 638 4400 orode
656 4347 686 4401 D
737 4345 887 4414 euuangelii
908 4347 938 4400 D
