2954 4930
255 431 318 494 334
663 430 729 484 IIII.
748 430 857 484 Sermo
875 432 986 486 27-28.

253 607 374 689 lampas
398 623 514 689 magua
541 605 687 670 nonsibi
715 606 904 685 accenditur,
932 606 986 670 sed
1014 606 1122 670 lumen
1149 623 1240 670 suum
1268 605 1401 670 eminus

254 715 287 776 et
309 713 340 775 iu
365 711 563 775 circumiecta
585 710 738 774 iaculatur
760 711 936 792 speciosum
960 710 1095 774 lundens
1117 711 1223 774 lumen
1246 691 1401 774 flammeo

254 816 410 880 doctrInae
426 815 547 898 fulgore
571 818 602 878 et
617 815 772 878 uniuersis
788 815 887 879 adluit
906 816 1063 898 Integrum
1086 818 1119 878 et
1138 814 1270 898 siugulis
1290 818 1399 878 totum

253 925 432 1004 praestante
456 919 580 984 domino
597 923 702 983 nostro
719 919 791 982 Iesu
808 919 942 1000 Christo,
966 919 1107 1001 quicum
1124 923 1211 1002 patre
1235 922 1266 982 et
1281 919 1398 1001 spiritu

214 1053 226 1093 s
254 1029 361 1088 sancto
388 1025 468 1088 uiuIt
495 1028 526 1088 et
553 1027 665 1107 regnat
692 1023 769 1088 deus
797 1043 852 1106 per
878 1023 999 1088 infinita
1030 1025 1156 1088 saecula
1185 1025 1397 1088 saeculorum.

252 1129 365 1193 Amen.

750 1283 894 1348 XXVIII.

253 1429 355 1470 suano
378 1429 421 1506 DF
444 1428 663 1472 BBUELA'I'IONE
687 1428 839 1470 CORPORIS
867 1427 960 1469 BBA‘I'I
989 1427 1142 1468 summm
1165 1427 1333 1468 hramnus
1362 1428 1394 1467 IN

721 1532 920 1574 INUBN'I'IONII.

201 1680 226 1718 ιο
296 1651 458 1715 Praesenti
492 1651 623 1714 lectione
651 1651 849 1735 percepimus
883 1650 1036 1714 uisionem
1070 1649 1216 1714 omnibus
1250 1650 1393 1714 ecclesiis

252 1755 452 1836 celebratam,
475 1755 654 1819 audiuimus
677 1773 739 1819 nou
763 1755 887 1818 somnia
901 1753 1020 1819 lubrico
1040 1773 1190 1818 sensuum
1214 1773 1315 1818 errore
1339 1755 1393 1818 de·

252 1859 331 1940 lusa,
355 1861 410 1924 sed
426 1861 551 1924 oracula
566 1879 670 1924 rerum
688 1858 850 1924 effectibus
866 1859 1047 1942 approbata.
1082 1860 1192 1924 merito
1207 1859 1393 1923 reuelaticni

252 1965 407 2030 credimus
438 1966 469 2029 iu
493 1983 647 2044 sermone,
679 1965 731 2046 qui
754 1965 893 2028 fructum
916 1967 1061 2028 tenemus
1091 1965 1122 2028 in
1151 1983 1289 2028 munere.
1336 1963 1390 2026 ubi

252 2073 335 2149 sunt,
359 2071 411 2152 qui
434 2070 542 2134 dicunt
564 2071 630 2152 pios
647 2069 835 2152 martyribus
858 2070 990 2133 honores
1015 2087 1077 2132 non
1100 2087 1169 2132 esse
1186 2067 1391 2132 deferendos?

200 2203 224 2240 15
251 2192 321 2237 ecce
345 2174 414 2254 iste,
446 2174 499 2255 qui
522 2173 584 2237 iam
609 2173 726 2237 dudum
748 2172 842 2236 beato
865 2173 1001 2256 paradisi
1025 2171 1188 2256 splendore
1210 2171 1389 2254 perfruitur,

252 2297 334 2342 nunc
358 2279 474 2342 mundo
497 2277 536 2342 ad
559 2278 617 2342 hoc
640 2277 824 2358 ostenditur,
855 2281 891 2341 ut
913 2277 1043 2342 colatur.
1088 2277 1170 2340 unde
1194 2277 1391 2358 dispensator

250 2382 424 2446 utilitatum
447 2386 625 2446 nostrarum
656 2383 732 2445 deus
763 2381 923 2445 euidenter
951 2399 1022 2445 eum
1053 2380 1204 2464 praecipit
1233 2379 1389 2458 honorari,

251 2505 343 2568 quem
367 2487 524 2568 praestitit
546 2485 689 2550 inueniri.

293 2589 350 2654 Ait
372 2609 445 2674 ergo
469 2607 571 2654 sermo
594 2590 803 2669 renotationis
830 2589 913 2671 quod
936 2607 1060 2652 sacrum
1088 2588 1164 2652 illud
1188 2605 1298 2670 corpus
1325 2605 1388 2651 non

198 2725 224 2761 ρο
250 2694 328 2774 auis,
364 2711 425 2758 non
460 2694 527 2757 tera
560 2694 734 2758 uiolauerit.
780 2692 834 2757 ubi
870 2696 953 2772 sunt,
988 2693 1041 2775 qui
1075 2692 1241 2757 inhonores
1276 2691 1389 2754 uolunt

249 2799 347 2862 uideri
364 2817 467 2864 sacros
484 2801 657 2881 martyrum
673 2799 814 2862 cineres?
838 2815 908 2861 ecce
923 2797 1016 2861 bruta
1030 2795 1195 2860 beluarum
1211 2797 1389 2860 uolucrum·

249 2921 309 2984 que
333 2906 454 2982 natura,
479 2921 558 2985 quae
574 2920 636 2966 nou
652 2901 749 2966 habet
764 2901 969 2982 Intellectum,
992 2901 1137 2965 sedulum
1159 2905 1263 2964 tamen
1287 2901 1387 2963 amico

249 3007 350 3071 reddit
372 3007 566 3088 obsequium,
590 3006 734 3070 illicItum
750 3006 884 3070 declinat
907 3008 1060 3070 attactum
1081 3005 1239 3089 angelicae
1254 3004 1385 3068 tortasse

249 3111 409 3174 custodiae
433 3115 582 3174 uenerata
605 3113 771 3174 secretum.
818 3127 880 3174 non
904 3109 1008 3192 tetigit
1030 3127 1103 3174 eum
1130 3109 1208 3188 anis,
1237 3126 1299 3172 non
1321 3107 1384 3170 lero

197 3243 222 3280 er.
250 3216 388 3279 uiolauit.
427 3233 498 3278 cum
521 3215 632 3298 greum
655 3214 847 3278 crudelitatis
870 3213 987 3278 Inuidia
1009 3213 1090 3278 male
1113 3214 1176 3277 iam
1199 3213 1384 3276 condemnat

248 3320 406 3384 hominem
437 3319 614 3384 reuerentia
643 3317 830 3398 bestiarum,
865 3319 929 3401 qui,
963 3321 1080 3400 quanto
1110 3318 1211 3401 magis
1245 3315 1385 3380 obdurati

249 3423 348 3488 cordis
372 3405 517 3506 impietas
541 3443 689 3486 seuerae
713 3423 752 3486 ad
776 3439 832 3486 nos
855 3423 1036 3486 immanitas
1059 3422 1196 3486 terarum
1223 3425 1254 3485 et
1280 3423 1385 3484 nostro

248 3528 286 3592 ad
309 3527 392 3592 feras
415 3529 526 3592 transit
549 3527 741 3592 humanitas.
787 3527 837 3591 hic
860 3545 933 3610 ergo
957 3527 1076 3610 primus
1100 3526 1258 3590 nascentis
1287 3525 1384 3588 eccle-

248 3633 312 3696 siae
341 3637 373 3697 et
400 3633 545 3696 minister
575 3637 606 3696 et
636 3635 755 3714 martyr
784 3649 883 3712 usque
911 3631 1073 3714 fastigium
1104 3631 1290 3712 culmenque
1319 3648 1384 3692 me·

196 3763 221 3802 so
248 3737 378 3800 ritorum
401 3737 517 3820 gloriae
541 3737 649 3800 ardore
672 3736 832 3799 subiectus
856 3735 957 3800 euasit
979 3738 1011 3798 et
1033 3735 1130 3800 leuita
1144 3735 1253 3799 altaris
1269 3733 1384 3799 Christi

290 3944 472 4015 arpetiosum
490 3945 518 3999 P
567 3941 734 4011 efulgerem
751 3943 779 3996 P
829 3941 1242 3999 Seromtbr'crcrmoincodioc
1253 3941 1384 3996 Parisino

247 4033 293 4088 lot.
310 4036 381 4088 3822
401 4047 469 4088 socc.
488 4032 519 4086 X
540 4029 880 4099 sor.·eer(1³);noaoem
903 4029 991 4084 εάᾱω
1014 4045 1068 4084 coac
1088 4029 1205 4098 eidem,
1224 4031 1259 4098 cs.
1278 4029 1387 4092 labo-ron,

246 4121 292 4175 coi
317 4121 508 4188 tnooetprimor
535 4117 661 4172 'Studien
686 4119 753 4172 dbcr
779 4117 823 4171 dic
851 4117 989 4184 Sebridai
1014 4115 1061 4172 dee
1084 4113 1214 4171 Ferratus*
1237 4133 1266 4185 p.
1284 4119 1316 4168 91
1335 4132 1389 4184 eq,

246 4221 333 4259 sermo
352 4206 431 4259 leust'
452 4205 494 4274 dp'r
513 4203 545 4257 de
564 4202 725 4258 renotatione
744 4202 860 4272 corporis
878 4201 950 4256 beati
968 4201 1091 4270 stephani
1108 4200 1237 4270 legendus
1252 4201 1281 4254 iu
1293 4202 1388 4254 iuuen-

246 4293 318 4346 tioue
337 4293 364 4347 P
417 4295 448 4348 15
467 4289 590 4361 paradysi
608 4290 636 4344 P
685 4293 719 4345 25
738 4289 956 4359 condempnatP
1006 4290 1041 4344 26
1059 4287 1194 4342 homiuem
1212 4289 1321 4358 scripsi,
1340 4288 1390 4342 ho-

248 4378 350 4431 minum
369 4379 397 4432 P
446 4381 480 4433 27
499 4379 612 4432 domem
628 4378 737 4447 riporum
751 4379 836 4448 poetri
