2920 4930
214 391 254 456 38
677 393 698 448 l.
717 393 762 446 De
779 393 889 462 gratia

256 568 320 634 Ues
344 588 417 655 ergo
439 570 540 635 cordis
564 571 726 653 utriusque
748 569 794 636 rei
817 587 913 654 eapax
936 574 984 636 est
999 573 1040 651 et,
1064 571 1146 654 quod
1168 571 1200 635 in
1223 589 1257 634 se
1281 575 1359 635 ante

211 676 355 756 permisit
376 675 509 756 infundi,
538 676 627 740 iaoile
655 679 760 758 potest
781 676 891 760 prioris
921 676 1073 759 propositi
1100 676 1272 740 mutatione
1300 693 1360 738 ua-

212 780 308 861 onari,
332 783 367 843 ut
388 780 491 864 ipsum
515 785 609 862 atque
630 781 714 844 idem
737 798 793 844 uas
816 780 849 844 in
870 800 903 844 se
924 784 956 845 et
976 780 1058 863 apud
1074 799 1107 844 se
1123 780 1222 844 effusa
1243 780 1361 862 iniqni-

213 888 278 949 tate
301 889 494 966 permaneat.
533 885 638 968 itaque
655 903 711 949 uas
728 885 767 949 ad
783 885 993 950 substantiam
1009 885 1155 965 hominis,
1179 884 1260 966 quod
1279 902 1360 948 uero

176 1015 188 1054 ⁵
216 990 248 1053 in
272 1007 348 1052 uase
370 989 524 1070 conditur,
548 988 587 1054 ad
610 1007 709 1073 genus
733 1007 769 1053 ao
792 989 1008 1054 diuersitatem
1024 989 1159 1072 pertinet
1173 989 1360 1054 uoluntatis

214 1097 245 1158 et
267 1093 327 1157 alio
342 1094 410 1158 loeo
426 1095 562 1158 ostendit
577 1094 721 1158 dominus
738 1094 895 1178 perditum
912 1093 1035 1158 restitui
1049 1111 1152 1176 posse,
1175 1111 1247 1157 oum
1263 1093 1360 1158 dieit:

214 1216 284 1262 non
315 1217 395 1262 sum
422 1198 559 1262 missus
582 1198 656 1262 nisi
680 1197 723 1263 ad
746 1217 850 1279 oues,
880 1215 971 1280 quae
1001 1197 1194 1280 perierunt
1225 1197 1360 1262 domus

123 1363 125 1370 .
213 1303 347 1382 Israel,
371 1303 557 1366 etiterum:
582 1302 729 1386 epulari
752 1305 788 1366 et
810 1302 973 1386 gaudere
996 1305 1159 1386 oportet,
1187 1302 1273 1384 quia
1297 1303 1361 1366 hie

214 1406 321 1470 filius
345 1425 447 1470 meus
470 1410 638 1471 mortuus
661 1407 789 1471 iuerat
811 1410 848 1471 et
870 1407 1023 1488 reuixit,
1049 1407 1215 1489 perierat
1242 1411 1279 1470 et
1307 1407 1361 1471 in-

162 1536 187 1575 re
214 1513 349 1575 uentus
379 1515 445 1575 est.
484 1529 547 1576 non
578 1529 651 1595 ergo
678 1512 712 1575 in
739 1515 852 1575 natura
879 1511 945 1576 eius
976 1512 1078 1575 fuerat
1103 1511 1188 1575 faeta
1213 1511 1360 1593 perditio,

215 1615 269 1678 sed
292 1615 345 1696 qui
367 1615 531 1680 recedendi
554 1618 736 1699 contemptu
763 1619 906 1680 mortuus
929 1616 1042 1696 fuerat,
1068 1615 1181 1679 reuixit
1203 1615 1361 1680 desiderio

213 1720 398 1784 reuertendi.
438 1738 512 1784 nam
528 1720 610 1784 sieut
631 1721 679 1784 sui
702 1720 841 1784 oriminis
865 1723 922 1800 est,
947 1721 1028 1802 quod
1051 1720 1144 1804 longe
1158 1719 1201 1802 pii
1217 1721 1361 1802 parentis

213 1825 329 1908 refugit
351 1825 468 1906 oeuloS,
496 1825 541 1889 ita
563 1843 637 1889 suae
661 1827 710 1889 est
733 1825 917 1905 deuotionis
945 1825 1028 1906 quod
1055 1843 1111 1908 per
1138 1824 1269 1888 insitum
1299 1824 1361 1889 sibi

212 1929 332 1993 honum
355 1928 531 1993 deliberans
555 1931 586 1993 et
602 1929 775 2012 adsurgens
800 1929 838 1993 ad
861 1932 1007 2012 paternos
1029 1928 1162 1992 reourrit
1183 1927 1360 2011 amplexus.

163 2057 187 2096 rs
214 2033 268 2097 sed
291 2033 401 2117 gratia,
426 2053 504 2115 quae
519 2033 701 2116 pulsauerat
716 2034 977 2117 peregrinantem,
1001 2035 1069 2116 ipsa
1092 2033 1229 2116 suseepit
1252 2052 1364 2097 reuer-

213 2141 342 2202 tentem.
378 2139 503 2202 reoedat
525 2138 599 2202 hino
621 2138 780 2222 originalis
803 2137 942 2202 definitio
965 2138 1017 2202 uel
1039 2137 1154 2202 fatalis.
1185 2155 1258 2201 eece
1274 2157 1363 2203 mor-

214 2245 287 2306 tuus
304 2241 481 2306 uiuificatur
497 2245 529 2306 et
543 2243 682 2326 perditus
699 2242 868 2323 inuenitur,
892 2243 973 2307 siout
989 2246 1020 2306 et
1036 2243 1148 2307 mulier
1165 2243 1363 2325 euangelica,

214 2364 293 2428 quae
317 2347 467 2411 amissam
490 2347 523 2410 in
546 2347 637 2411 domo
661 2347 835 2430 dragmam,
858 2347 889 2410 id
913 2349 962 2411 est
982 2366 1050 2411 rem
1065 2348 1118 2412 uel
1132 2346 1365 2430 cuiuscumque

215 2451 353 2514 muneris
377 2452 428 2514 uel
451 2452 560 2515 salutis
583 2451 711 2516 lucerna
726 2451 855 2534 inquirit
870 2469 1001 2516 aceensa
1017 2454 1048 2516 et
1063 2452 1102 2515 ad
1117 2451 1235 2534 gratiae
1253 2452 1364 2516 oleum

162 2577 189 2617 ro
215 2555 344 2638 adponit
371 2555 509 2619 studium
533 2573 625 2620 suum
654 2557 685 2619 et
712 2573 783 2619 eum
811 2555 860 2620 dei
887 2555 1037 2620 adiutorio
1063 2555 1166 2640 iungit
1193 2573 1226 2618 se
1254 2557 1367 2638 requi-

214 2659 312 2724 rentis
336 2659 467 2724 intentio
491 2677 528 2724 ao
551 2660 605 2740 sio,
630 2645 711 2742 quod
733 2661 819 2724 intus
842 2660 1027 2744 perdiderat,
1051 2660 1135 2724 intus
1159 2659 1293 2724 inuenit.

258 2763 290 2830 Si
317 2765 442 2846 quando
470 2783 543 2848 orgo
570 2765 664 2829 homo
692 2784 728 2828 ex
755 2764 837 2830 bono
865 2765 967 2829 malus
996 2765 1047 2828 uel
1076 2783 1112 2828 ex
1140 2763 1223 2828 malo
1254 2763 1367 2829 bonus

215 2867 297 2933 efflei
313 2869 440 2933 arbitrio
461 2869 575 2932 mentis
599 2869 760 2949 adnititur,
784 2869 941 2949 uoluntas,
965 2887 1044 2951 quae
1063 2867 1163 2932 libera
1177 2871 1235 2947 est,
1260 2887 1279 2932 a
1305 2870 1368 2934 deo

215 2973 288 3037 data
310 2973 483 3056 eorrigitur,
507 2992 569 3037 non
585 2974 632 3037 uis
649 2973 942 3056 praedestinationis
966 2976 1120 3056 operatur.
1153 2977 1183 3037 et
1198 2972 1370 3053 quotiens-

163 3099 188 3140 e
215 3097 348 3159 eumque
371 3078 404 3142 in
428 3079 524 3142 saeris
547 3079 669 3162 paginis
692 3079 822 3162 legeris:
857 3079 895 3142 in
926 3095 1155 3160 quacumque
1186 3076 1245 3140 die
1277 3096 1370 3144 eon·

215 3201 347 3246 uersus
375 3183 617 3266 ingemueris,
649 3187 736 3246 tuno
765 3183 893 3246 saluus
924 3183 1017 3263 eris,
1048 3186 1079 3246 et
1109 3181 1241 3246 iterum:
1275 3183 1370 3249 nolo

216 3289 371 3351 mortem
394 3287 515 3369 impii,
540 3287 604 3351 sed
627 3290 667 3350 ut
688 3290 903 3351 reuertatur
929 3287 1065 3370 impius
1097 3303 1115 3350 a
1141 3285 1203 3349 uia
1229 3303 1300 3350 sua
1331 3293 1372 3353 et

216 3391 330 3455 uiuat.
370 3391 636 3456 conuertimini
659 3392 772 3456 auiis
795 3391 935 3455 uestris
957 3389 1149 3474 pessimis,
1173 3390 1370 3458 etiterum:

217 3495 393 3577 impietas
424 3495 531 3578 impii
561 3514 633 3560 non
664 3494 817 3561 nooebit
846 3515 940 3574 eum,
971 3495 1007 3559 in
1038 3511 1271 3576 quacumque
1307 3497 1372 3562 die

165 3621 191 3664 eo
217 3616 422 3664 oonuersus
456 3599 572 3664 suerit
605 3598 648 3663 ab
680 3599 872 3664 iniustitia
905 3617 984 3680 sua,
1019 3602 1050 3662 et
1082 3598 1176 3662 illud:
1212 3599 1372 3666 auferte

319 3789 346 3858 7]
366 3788 461 3844 Matth.
477 3791 516 3854 15,
529 3790 571 3844 24.
634 3788 662 3858 8]
682 3788 745 3844 Luo.
760 3792 800 3852 15,
814 3789 847 3844 at
860 3788 922 3858 (32).
985 3787 1030 3856 26]
1049 3786 1199 3852 artenao,
1214 3789 1256 3842 11.
1318 3793 1371 3862 29]

215 3875 309 3930 Ezeeh.
322 3877 364 3941 33,
378 3878 418 3932 12.
473 3875 518 3944 30]
540 3878 553 3931 l
568 3874 626 3931 Cor.
640 3879 665 3940 5,
678 3879 701 3931 7.

258 4058 368 4114 luiso
437 4057 590 4126 utriusquae
610 4058 637 4112 P
711 4057 834 4113 3idsum
853 4057 880 4111 P
948 4057 1049 4126 adquae
1072 4057 1100 4110 P
1167 4055 1325 4124 titaquae
1346 4065 1377 4118 P

214 4145 366 4215 Saepulari
385 4147 412 4200 P
465 4144 696 4200 11reeedendoe
748 4147 886 4198 oontamtu
899 4145 927 4199 P
978 4147 1010 4200 12
1028 4145 1151 4247 pssrentes
1168 4143 1196 4197 P
1249 4147 1286 4200 15
1309 4166 1375 4204 sus—

215 4257 280 4327 eipit
297 4258 324 4312 P
377 4260 409 4313 16
428 4256 550 4311 definioio
569 4259 597 4312 P
632 4259 681 4314 ,18
700 4257 905 4325 ouiueeumquae
923 4257 951 4312 P
1002 4258 1034 4312 al
1054 4257 1129 4311 uenit
1146 4258 1174 4312 P
1228 4258 1265 4312 24
1287 4277 1376 4330 prae.

215 4343 434 4402 distinotionisP
477 4343 767 4417 quotienscumquaeP
811 4345 845 4400 25
858 4344 1078 4413 quacumquaaP
1122 4345 1156 4400 28
1169 4343 1270 4398 uestris
1285 4366 1377 4410 om
