2920 4928
263 413 283 476 4
623 414 644 466 l.
664 414 709 467 De
727 414 841 482 gratia.
868 413 1037 482 Prologus.

261 589 416 652 minatum
441 593 472 653 et
496 589 547 653 ille
571 593 637 653 tota
664 591 773 654 reddat
796 589 986 655 subiectione
1014 589 1186 654 seruitium.
1233 589 1398 672 augebitur

261 697 365 756 autem
390 695 527 776 dignitas
556 694 751 776 imperantis
779 696 805 758 si
828 695 856 759 ei
883 714 1006 778 semper
1032 699 1156 776 praesto
1185 695 1225 757 sit
1248 693 1397 757 sedulitas

260 797 468 879 obsequentis,
513 799 671 863 socientur
693 800 759 863 ima
781 799 913 862 summis
937 800 1042 881 sicque
1066 799 1233 878 socientur,
1256 802 1292 862 ut
1315 797 1398 860 subi·

260 903 382 966 ciantur
405 903 523 984 utique,
547 921 608 968 non
633 908 815 985 aequentur.
855 904 909 968 sed
933 905 1014 968 sicut
1037 904 1144 967 deesse
1167 922 1229 968 non
1252 902 1397 966 conuenit

221 1025 234 1063 ⁶
259 1006 460 1089 gubernatori
482 1008 634 1091 remigem
659 1027 761 1088 suum,
790 1007 943 1073 sacerdoti
967 1008 1147 1071 ministrum
1171 1025 1273 1086 suum,
1301 1007 1397 1088 impe-

258 1111 352 1174 ratori
376 1111 506 1174 militem
531 1129 633 1190 suum,
662 1113 705 1175 ita
728 1115 849 1194 oportet
872 1116 908 1176 ut
929 1112 1031 1195 gratia
1054 1112 1182 1174 alumna
1203 1109 1397 1174 oboedientia

258 1215 456 1298 inseparabili
481 1217 630 1279 semitute
654 1234 769 1280 eonera
792 1217 842 1280 sit.
881 1235 991 1279 uerum
1015 1215 1088 1297 quia
1110 1215 1255 1298 Pelagius
1278 1214 1396 1276 nudum

258 1318 395 1383 laborem
420 1320 616 1402 inportunius
641 1321 755 1384 exaltat
782 1323 813 1383 et
836 1321 1007 1385 humanam
1030 1321 1158 1384 demens
1182 1317 1395 1382 infirmitatem

259 1423 325 1486 sine
341 1424 441 1507 gratia
465 1423 525 1486 sibi
547 1443 638 1506 posse
655 1424 798 1488 sulficere
821 1426 917 1489 stulte
933 1424 1071 1504 credidit,
1095 1423 1188 1507 impie
1208 1422 1397 1504 praedicauit

208 1545 231 1582 ιο
258 1527 401 1591 elationis
428 1531 546 1591 turrem
574 1529 606 1592 in
635 1529 757 1592 caelum
785 1533 913 1592 conatus
943 1529 1069 1612 erigere,
1098 1527 1308 1610 blasphemias
1333 1527 1397 1590 eius

257 1631 344 1695 breui
368 1649 510 1696 sermone
533 1633 762 1716 praestringere
787 1637 818 1696 et
841 1633 1001 1696 confutare
1017 1631 1226 1696 necessarium
1249 1630 1398 1694 iudicaui-

258 1754 338 1814 mnS,
362 1755 401 1798 ue
417 1736 496 1800 forte
513 1737 549 1816 is,
573 1737 625 1818 qui
641 1737 756 1800 donum
780 1735 905 1816 laboris
930 1736 1024 1800 idest
1044 1738 1243 1818 praeceptum
1260 1733 1396 1798 iubentis

258 1839 401 1920 excludit,
426 1840 637 1904 asserentibus
654 1839 754 1920 nobie,
777 1841 859 1922 quod
883 1841 929 1904 dci
954 1839 1165 1904 misericordia
1187 1838 1247 1902 fide
1271 1841 1303 1902 et
1325 1856 1396 1920 ope-

257 1943 343 2007 ribus
370 1945 574 2026 promerenda
604 1949 665 2024 est,
697 1945 880 2008 catholicam
910 1963 1019 2008 uocem
1050 1944 1089 2007 ad
1119 1943 1239 2026 Pelagii
1269 1961 1395 2006 sensum

207 2067 231 2106 u
258 2047 454 2112 discretionis
478 2049 601 2112 nescius
622 2049 792 2130 adplicaret
815 2053 846 2112 et
861 2049 979 2113 omissa
1000 2049 1052 2112 uia
1075 2048 1214 2131 regiain
1237 2047 1395 2110 dexteram

258 2153 372 2216 cadens
396 2153 428 2216 in
452 2153 611 2217 sinistram
635 2153 788 2216 declinare
812 2171 867 2218 nos
891 2153 1039 2232 crederet,
1067 2155 1109 2232 et,
1133 2152 1207 2215 dum
1231 2151 1267 2213 de
1291 2149 1396 2214 labore

258 2274 347 2320 seruo
375 2257 495 2340 gratiae
522 2257 695 2338 loquimur,
723 2257 943 2322 offendiculum
971 2261 1043 2320 ante
1069 2256 1164 2339 pedes
1191 2255 1275 2319 caeci
1303 2273 1397 2338 oppo-

258 2361 357 2424 suisse
380 2361 566 2424 uideremur.
614 2380 685 2424 cum
709 2365 815 2425 autem
839 2362 1029 2424 mentionem
1053 2360 1090 2423 de
1113 2378 1205 2442 opere
1232 2377 1267 2422 ac
1291 2358 1396 2422 labore

257 2465 432 2544 fecerimus,
453 2466 631 2548 prophetae,
655 2466 796 2548 apostoli,
820 2465 1029 2548 euangelistae
1046 2468 1078 2527 et
1093 2463 1198 2526 uerbis
1218 2467 1343 2526 utemur
1367 2467 1397 2524 et

206 2587 231 2623 ec
258 2568 411 2632 sensibus.
454 2568 567 2650 quibus
595 2571 622 2633 si
644 2571 713 2651 quis
739 2569 891 2633 contraire
918 2568 1172 2652 praesumpserit,
1200 2584 1262 2630 non
1289 2569 1396 2630 nostra

258 2673 387 2738 inuenta
412 2673 580 2753 destruere,
611 2674 665 2736 sed
695 2674 842 2737 caelestia
869 2673 936 2737 sine
964 2672 1056 2736 dubio
1079 2671 1149 2734 iura
1171 2671 1341 2734 dissoluere
1366 2675 1397 2732 et

258 2776 328 2840 fidei
352 2777 500 2841 subruere
518 2778 723 2841 fundamenta
745 2776 887 2841 tentabit.
915 2777 1008 2840 latius
1032 2779 1201 2858 utcumque
1218 2791 1396 2839 sermonem

258 2881 295 2944 de
318 2882 523 2964 praescientia
547 2887 577 2944 et
599 2882 877 2965 praedestinatione
904 2881 1116 2964 produximus
1144 2883 1180 2942 ut
1202 2897 1281 2961 quae
1305 2883 1397 2962 puta·

257 2984 372 3048 bantur
395 2985 528 3049 obscura
550 2985 738 3049 absolutiora
761 2985 945 3049 tardioribus
968 2984 1179 3048 redderentur.
1211 3000 1272 3047 non
1289 2987 1396 3046 autem

205 3109 231 3147 es
257 3089 387 3170 aliquos,
410 3090 462 3170 qui
478 3089 643 3152 uerborum
665 3090 799 3171 phaleris
816 3089 1018 3167 delectantur,
1041 3087 1186 3166 offendat,
1210 3086 1292 3167 quod
1307 3086 1397 3149 testi-

258 3193 432 3256 moniorum
456 3194 570 3256 uirtute
594 3193 731 3257 contenti
759 3193 876 3274 absque
900 3192 1091 3256 sublimitate
1119 3191 1269 3254 sermonis
1293 3190 1395 3252 lucem

257 3297 444 3379 protulimus
468 3298 621 3377 ueritatis,
649 3298 765 3379 inquo
789 3297 913 3379 quidem
936 3296 1084 3379 opusculo
1106 3299 1176 3378 post
1200 3294 1396 3358 Arelatensis

257 3401 380 3465 concilii
403 3401 661 3484 subscriptionem
685 3402 775 3464 nouis
792 3400 946 3464 erroribus
969 3399 1168 3483 deprehensis
1191 3398 1272 3462 adici
1292 3397 1397 3479 aliqua

257 3505 392 3586 synodus
409 3505 626 3588 Lugdunensis
650 3505 760 3588 eregit.

300 3677 372 3730 3sio
391 3679 488 3732 occisso
507 3693 557 3745 que
576 3678 603 3730 P
645 3675 901 3731 subiciantueris
946 3675 1203 3744 bimperatoremP
1236 3676 1396 3729 butorus·

257 3763 379 3816 alumnae
397 3762 578 3816 oboedientiae
592 3782 612 3842 a
671 3763 797 3817 loonira
816 3763 842 3816 P
897 3762 1030 3818 &exaltat
1052 3764 1079 3814 et
1102 3763 1209 3831 seipsi,
1238 3759 1338 3814 exultet
1363 3763 1395 3821 Ρ,

257 3877 375 3930 exaltans
395 3881 454 3932 etc
507 3833 627 3930 scr-glis
646 3875 672 3928 Ρ
725 3879 757 3930 10
776 3879 919 3930 conaturo
980 3878 1008 3932 ll
1030 3874 1191 3928 necesarium
1211 3875 1238 3928 P
1297 3876 1329 3928 17
1349 3891 1396 3944 op·

256 3965 360 4032 posuisc
379 3965 406 4018 P
465 3966 499 4018 20
518 3963 681 4017 contrariae
744 3965 775 4017 21
797 3962 927 4016 distruere
946 3964 973 4017 P
1019 3961 1085 4032 iura'l
1104 3963 1136 4026 P,
1155 3961 1246 4016 iurev
1298 3963 1333 4016 22
1353 3967 1396 4015 nt-

257 4051 425 4118 omnquaeP
459 4049 781 4119 23pracdistiuationeP
814 4049 991 4104 aaruerisP
1025 4047 1226 4116 26absquaeP
1259 4051 1292 4102 27
1305 4049 1395 4100 arila-

256 4138 338 4190 tensis
358 4139 385 4191 P
430 4139 464 4191 28
483 4136 674 4239 suhppriptione
695 4137 721 4190 Ρ
761 4135 946 4204 depraehensis
965 4137 992 4191 P
1041 4139 1074 4192 29
1093 4135 1201 4189 sinodus
1221 4137 1248 4190 P
1293 4136 1396 4204 exegit]

257 4248 423 4303 EXPLICIT
446 4247 584 4302 PROLUS
602 4249 665 4304 aad.
680 4251 707 4303 P
