2954 4930
422 371 647 442 Epistularum
665 369 720 425 lib.
735 369 763 425 11
781 373 858 426 5-7.
1143 369 1204 434 381

68 549 161 612 miter
177 546 328 612 debemus
352 565 422 611 esse
445 549 591 627 rectores,
615 547 689 629 quia
711 547 818 610 caulae
840 545 944 628 gregis
968 545 1114 609 dominici
1136 561 1208 626 pos·

68 655 143 716 sunt
165 670 234 716 esse
257 651 480 717 numerositate
504 651 633 732 multae,
657 668 717 715 non
734 649 806 714 fidei
821 649 973 714 uarietate
989 649 1141 728 diuersae,
1164 652 1209 728 ut,

69 757 153 820 sicut
181 756 247 839 ipse
278 755 422 821 dominus
452 755 671 840 praenuntiare
700 755 926 838 dignatusest,
957 771 1019 818 non
1042 753 1132 817 nobis
1155 769 1210 836 per

67 860 220 925 inuidiam
244 859 469 926 dissidentibus
493 864 525 925 et
546 879 601 944 per
625 860 848 924 dissensionem
872 877 1000 942 gregem
1021 857 1211 922 dominicum

69 963 279 1030 diuidentibus
310 965 473 1048 multiplex
503 983 559 1048 per·
589 982 646 1030 nos
677 963 815 1028 schisma
845 962 1001 1046 procedet,
1033 962 1087 1026 sed
1111 962 1211 1044 magis
1250 987 1263 1025 s

69 1088 124 1151 per
148 1069 303 1134 unitatem
326 1069 485 1134 doctrines
505 1069 654 1152 simplicis
670 1087 744 1133 oues
761 1067 932 1132 dominicas
948 1065 1212 1150 congregantibus

69 1173 127 1238 liat
148 1173 181 1238 in
203 1173 293 1238 nobis
316 1191 398 1238 unus
413 1192 488 1257 grex
504 1177 535 1238 et
551 1192 631 1238 unus
647 1176 764 1256 pastor,
788 1173 851 1254 qui,
875 1171 957 1236 siout
973 1175 1021 1236 est
1034 1189 1088 1236 rer
1103 1189 1213 1255 regum

71 1281 102 1342 et
126 1277 272 1342 dominus
295 1277 538 1360 dominantium,
560 1278 704 1343 sacerdos
725 1277 921 1342 sacerdotum
937 1279 969 1341 et
983 1275 1123 1360 pontifex
1137 1293 1214 1359 pon·

71 1381 205 1464 tificum,
228 1382 273 1446 ita
294 1382 495 1467 intellegatur
518 1386 550 1447 et
564 1385 672 1465 pastor
688 1400 757 1446 esse
772 1385 943 1465 pastorum.
982 1397 1076 1462 quam
1092 1379 1131 1444 ob
1148 1399 1215 1444 rem

71 1485 178 1550 studio
208 1486 357 1568 caritatis,
388 1505 451 1552 non
481 1487 661 1571 cupiditatis
691 1487 749 1551 has
780 1485 820 1550 ad
846 1484 1048 1550 sanctitatem
1078 1489 1215 1549 uestram
1244 1505 1268 1546 ιι

71 1589 158 1674 (per)
179 1588 398 1674 presbytemm
426 1609 532 1656 meum
555 1609 610 1674 pro
634 1591 766 1656 dioecesi
788 1589 1019 1670 Gemiliaoensi,
1050 1588 1132 1653 unde
1154 1588 1217 1652 iarn

72 1695 198 1778 pridem
228 1695 317 1760 uobis
348 1696 544 1780 scripseram,
576 1696 742 1776 destinaui,
774 1713 823 1776 ne,
854 1695 879 1758 si
903 1695 1082 1774 tacuissem,
1112 1693 1218 1778 negle-

72 1799 202 1884 gentiae
218 1799 429 1884 deputaretur,
450 1818 512 1865 non
528 1801 719 1880 concordiae,
742 1799 856 1864 rationi
871 1797 1083 1864 inrationabili
1098 1798 1219 1862 uiderer

74 1905 220 1986 cessisse,
244 1923 306 1969 non
328 1905 407 1988 paci,
430 1907 475 1984 ut,
508 1905 535 1969 si
561 1904 729 1988 agnoscitis
752 1921 828 1968 uera
850 1921 929 1984 esse,
959 1921 1039 1985 quae
1063 1902 1141 1982 dico,
1165 1905 1220 1966 aut

73 2011 171 2090 insta,
202 2027 281 2091 qnae
310 2013 427 2092 repeto,
457 2027 515 2073 nec
545 2027 596 2074 me
626 2009 773 2074 iniuriam
803 2008 919 2072 diutius
942 2025 1000 2072 nec
1022 2024 1078 2071 uos
1100 2006 1220 2088 inquie—
1247 2027 1271 2066 rs

75 2113 220 2178 tudinem
247 2113 402 2178 sustinere
423 2113 596 2196 patiamini.

619 2355 688 2420 VII.

78 2517 205 2559 nomo
228 2517 354 2559 suntlsu
377 2516 563 2566 SEMPERQUE
586 2516 758 2560 andusenco
782 2515 897 2558 uanum
919 2515 1057 2558 unarum
1080 2515 1224 2560 susionis

565 2604 741 2646 cumcontra.

126 2741 177 2806 Ita
200 2740 331 2822 propitio
354 2739 410 2804 deo
433 2757 562 2824 operum
585 2744 711 2804 tuorum
733 2740 820 2804 fama
842 2738 1027 2822 percrebuit,
1058 2741 1092 2802 ut
1115 2756 1224 2802 omnes
1241 2763 1267 2803 so

78 2848 112 2910 in
138 2843 299 2910 laboribus
322 2845 484 2910 constituti
506 2845 718 2909 commendari
738 2863 771 2907 se
786 2843 987 2927 germanitati
1002 2847 1125 2907 uestrae
1140 2842 1223 2907 omni

79 2967 215 3033 precum
238 2949 409 3014 ambitione
432 2949 612 3033 deposcant,
636 2949 710 3030 qnia
731 2949 946 3032 fatigationem
967 2965 1057 3012 suam
1073 2948 1155 3030 apud
1170 2963 1226 3010 uos

80 3054 235 3118 ellectum
266 3053 382 3118 habere
413 3071 476 3118 non
506 3053 659 3118 dubitant.
706 3053 788 3117 unde
819 3053 916 3116 etiarn
947 3052 1075 3136 portitor
1104 3051 1226 3132 harum,

80 3159 215 3224 nomine
245 3157 354 3239 Ullila,
388 3177 481 3241 quem
512 3158 588 3222 mihi
615 3157 796 3222 Pheretrius
827 3156 990 3240 presbyter
1020 3157 1084 3220 suis
1113 3155 1226 3220 litteris

81 3262 331 3344 commendauit,
363 3263 401 3328 ad
427 3281 484 3328 uos
514 3262 788 3327 commendaticias
818 3261 1001 3346 postulauit,
1031 3279 1108 3342 quas
1139 3260 1165 3324 ei
1196 3263 1228 3324 et
1254 3285 1280 3324 as

80 3386 143 3452 pro
174 3367 311 3432 iussione
341 3368 447 3433 diuina
477 3373 509 3432 et
537 3386 593 3452 pro
627 3368 764 3432 iussione
798 3370 908 3431 mutua
940 3364 1074 3430 libenter
1103 3365 1226 3429 indulsi.

195 3504 223 3574 Ἰ]
242 3503 334 3560 Ioann.
349 3507 389 3570 10,
404 3507 443 3561 16.

134 3631 148 3684 1
169 3625 288 3684 oauleS
349 3629 366 3683 3
389 3627 559 3697 pronuntiare
578 3627 602 3683 S
670 3629 686 3682 6
704 3625 833 3696 simplicis
851 3625 1035 3695 motjotosn,
1058 3621 1190 3694 simplices
1209 3621 1233 3678 S

83 3713 244 3772 iuniusS
296 3717 328 3770 10
346 3713 405 3784 has]
425 3729 485 3769 oum
503 3713 545 3769 his
562 3733 578 3770 o
594 3715 709 3770 instetis
763 3715 793 3769 11
807 3729 854 3783 per
867 3713 930 3768 add.
943 3713 1127 3782 Lampetusa,
1145 3711 1234 3766 oosS

83 3801 231 3857 diooisiS
300 3802 332 3857 12
351 3799 522 3858 distinsuiS
589 3803 621 3856 13
640 3799 794 3855 concordiae
814 3799 909 3854 rationi
928 3797 1108 3854 inrationabili
1128 3797 1232 3850 uiderer

84 3889 212 3952 cessisse,
234 3903 287 3942 uon
310 3888 368 3958 paci
386 3890 494 3959 soripm,
514 3887 586 3944 idom
604 3889 784 3957 scribendum,
800 3887 848 3942 scd
865 3893 928 3942 ante
945 3886 1042 3940 rationi
1060 3885 1231 3941 inseretdcm

83 3993 148 4034 csse
165 3989 228 4029 oum
246 3982 331 4032 cesset
348 3975 524 4046 Isoetp'obmm
541 3993 602 4032 oum
620 3976 766 4042 Knsscbio,
790 3972 943 4028 concordiae
967 3972 1063 4026 rationi
1085 3971 1232 4026 inraciona-

85 4065 156 4119 bilis
179 4061 257 4116 uider
273 4061 381 4116 cessisse
399 4077 452 4116 non
469 4063 547 4132 pauci
571 4065 600 4131 S,
623 4079 645 4118 o.
663 4079 684 4117 r.
701 4060 885 4117 irrationabili.
914 4059 1033 4114 Suadont
1055 4059 1162 4112 cessisse
1180 4073 1233 4111 non

83 4151 172 4224 pauci
191 4149 376 4206 Mommsmas
448 4153 479 4206 15
498 4149 609 4206 iudas
676 4149 777 4204 diutius
799 4154 862 4204 coeto
883 4147 1013 4202 sustinere
1031 4147 1119 4202 desso
1137 4145 1235 4200 addo

87 4237 303 4298 resumimus
352 4237 562 4294 iratreelsfloS
604 4236 807 4293 24Phsretrius
819 4235 880 4300 Kc,
894 4233 1071 4290 fraretriusS
1116 4234 1233 4288 250οω-

84 4325 272 4383 mendacitias
291 4326 315 4382 S
365 4327 399 4383 26
416 4342 464 4396 pro
483 4325 584 4380 cisione
602 4328 696 4380 mutua
714 4327 790 4380 malit
809 4325 860 4380 Kr.
