2954 4930
537 433 602 488 1111.
621 433 731 488 Sermo
748 435 790 490 al.
1168 433 1231 498 319

92 609 275 673 nouerimus
307 627 375 673 esse
403 608 570 692 discipulos
599 611 631 672 ei
657 609 696 672 ad
724 627 801 690 opus
829 613 972 674 sanctum
996 609 1158 673 uideamur
1180 627 1232 674 en·

91 713 189 778 citare
219 713 396 796 magistros.
434 730 506 777 cum
537 713 636 776 simus
666 713 774 796 tepidi,
805 713 945 797 cogimur
975 713 1141 779 admonere
1170 715 1232 778 fcr-

91 820 216 897 uentes,
247 835 317 881 cum
349 817 447 882 simus
477 819 666 900 peccatores,
697 817 858 901 arguimus
888 819 998 898 iustos,
1029 835 1102 882 oum
1132 818 1231 882 simus

90 920 239 1003 imperiti,
262 921 447 986 instruimus
470 921 586 1002 doctos,
610 939 682 985 cum
705 921 803 986 simus
826 922 860 986 in
882 922 992 1006 pelago
1012 921 1103 986 huius
1123 923 1232 987 mundi

89 1023 199 1090 nimiis
229 1024 375 1090 fluctibus
405 1025 524 1109 agitati,
554 1025 594 1090 ad
616 1043 679 1107 cos,
710 1026 764 1107 qui
790 1026 830 1092 ad
859 1029 984 1110 portum
1012 1027 1076 1090 iam
1103 1027 1232 1092 feliciter
1266 1053 1280 1094 s

86 1133 312 1210 peruenerunt,
334 1129 572 1213 praedicationis
594 1129 692 1194 uerba
713 1129 910 1213 proferimus.

131 1232 196 1298 Sed
220 1237 337 1314 umen,
365 1233 479 1298 iratres
502 1233 707 1315 dilectissimi,
738 1233 811 1316 quia
833 1234 936 1298 solent
957 1253 1054 1299 naues
1077 1235 1231 1319 superatis

87 1341 119 1400 et
146 1336 281 1401 deuictis
307 1335 454 1402 ductibus
482 1337 587 1421 pelagi
614 1337 709 1402 etiam
736 1337 882 1420 inportu
906 1339 1064 1403 tutissimo
1091 1339 1232 1404 laborare

87 1445 129 1522 et,
160 1441 225 1506 nisi
249 1441 376 1526 grandis
405 1442 527 1506 cautela
553 1441 659 1522 fuerit,
690 1460 790 1525 paone
812 1441 982 1531 submergi,
1013 1461 1085 1506 cum
1108 1461 1232 1507 summa

87 1545 271 1610 humilitate
287 1549 319 1610 et
337 1545 457 1630 ingenti
479 1545 657 1610 reuerentia
678 1545 892 1628 admonemus,
915 1549 961 1626 ut,
985 1546 1057 1628 quia
1071 1565 1127 1610 uos
1144 1545 1233 1611 Chri·
1260 1575 1285 1614 ιο

87 1654 160 1714 stus
192 1649 378 1732 capitalibus
408 1649 590 1714 criminibus
620 1653 783 1732 tamquam
813 1649 852 1714 de
878 1651 1059 1732 periculosis
1086 1649 1233 1715 liberauit

87 1752 251 1835 fluctibus,
274 1754 307 1818 in
330 1757 422 1838 portu
444 1755 559 1836 quietis
583 1757 614 1818 et
635 1753 837 1818 beatitudinis
861 1755 1022 1819 constituti
1044 1772 1158 1837 paruas
1178 1773 1233 1817 ne-

86 1859 268 1943 glegentias
300 1861 332 1922 ei
361 1859 451 1940 quasi
480 1859 602 1922 minuta
631 1862 767 1941 peccata,
798 1876 877 1940 quae
908 1859 953 1922 sic
976 1859 1009 1923 in
1033 1859 1137 1922 anima
1160 1877 1232 1922 con·

88 1963 205 2044 linunt,
236 1962 390 2044 quomodo
420 1981 475 2046 per
505 1962 734 2026 minutissimas
764 1963 853 2026 nauis
884 1963 1013 2026 rimulas
1042 1963 1075 2027 in
1109 1964 1233 2027 sentina

86 2071 203 2150 guttae
227 2072 427 2148 concurrunt,
455 2085 526 2130 oum
549 2067 635 2131 omui
657 2067 822 2150 uigilantia
844 2066 968 2131 Christo
991 2067 1158 2132 adiuuante
1181 2086 1232 2130 er·
1260 2093 1285 2134 1⁵

86 2171 219 2236 haurire
241 2171 356 2254 iugiter
383 2171 548 2236 festinetis.
586 2189 661 2234 nam
688 2171 842 2252 quomodo
870 2171 970 2250 nauis,
1000 2175 1110 2254 postea
1139 2189 1233 2253 quam

86 2275 196 2358 pelagi
228 2274 340 2338 fluctus
371 2276 516 2359 suaserit,
547 2275 574 2340 si
603 2276 635 2339 in
664 2278 755 2358 portu
787 2275 946 2339 sentinata
973 2293 1033 2340 non
1061 2275 1165 2355 luerit,
1195 2276 1233 2339 de

86 2379 316 2444 minutissimis
339 2379 438 2463 guttis
462 2379 609 2462 impletur
632 2383 664 2443 et
686 2379 848 2463 mergitur,
871 2380 916 2443 sio
939 2383 971 2443 et
989 2380 1160 2444 monachus
1181 2379 1234 2442 de-

86 2483 183 2548 uictis
216 2487 247 2546 ot
276 2484 429 2566 superatis
459 2483 568 2547 mundi
598 2483 689 2547 huius
720 2483 901 2548 criminibus
932 2484 1021 2565 quasi
1051 2484 1233 2565 periculosis

86 2587 252 2667 fluctibus,
284 2605 356 2650 cum
387 2588 426 2651 ad
455 2591 580 2670 portum
604 2587 788 2652 monasterii
814 2589 946 2668 uenerit,
977 2588 1003 2650 si
1033 2586 1235 2670 subrepentia
1260 2615 1287 2653 ιο

85 2693 171 2756 uitia
199 2694 234 2754 et
259 2691 383 2755 minuta
409 2695 442 2756 et
468 2690 624 2756 cotidiana
650 2696 778 2774 peccata
804 2692 842 2756 de
865 2692 989 2756 animae
1012 2711 1087 2756 suae
1110 2693 1235 2756 sentina

86 2795 258 2862 exhaurire
281 2795 462 2878 neglexerit,
485 2795 517 2858 in
540 2796 607 2879 ipso
630 2799 721 2878 portu
744 2795 899 2878 naufragii
915 2795 1080 2860 discrimen
1096 2797 1233 2860 incurrit.

132 2899 199 2966 Sed
228 2899 302 2963 dicit
329 2899 455 2981 aliquis:
486 2901 639 2981 quomodo
662 2903 766 2982 potest
792 2900 899 2963 anima
921 2900 1091 2964 sentinari?
1128 2901 1234 2981 utique

86 3004 223 3084 orando,
246 3003 420 3084 ieiunando,
443 3003 611 3086 uigilando,
635 3022 743 3068 ueram
766 3003 928 3068 amitalem
952 3007 983 3067 et
1006 3021 1113 3066 ueram
1133 3003 1235 3068 humi·

86 3111 220 3174 litatem
251 3111 282 3171 ct
309 3125 416 3172 ueram
443 3107 673 3172 oboedientiam
701 3108 881 3172 exhibendo.
921 3108 1082 3187 attendite,
1111 3109 1234 3188 fratres,
1261 3135 1287 3174 as

86 3229 222 3296 quaeso.
255 3213 410 3294 quomodo
426 3213 516 3276 nauis
539 3213 714 3276 sentinatur
737 3229 756 3276 a
778 3213 882 3291 situla,
906 3213 950 3276 sic
974 3213 1077 3276 anima
1099 3211 1138 3275 ab
1162 3229 1235 3293 ope-

85 3318 182 3382 ribns
204 3317 297 3380 malis
313 3317 451 3380 oratioue
467 3316 624 3380 dominica
638 3315 800 3397 liberatur,
823 3316 850 3379 si
866 3316 949 3380 dicat
964 3320 996 3380 et
1011 3335 1121 3380 uerum
1137 3317 1234 3380 dicat:

86 3421 250 3487 dimitto
273 3420 379 3485 nobis
402 3420 529 3484 debita
550 3424 693 3501 nostra,
724 3421 822 3484 sicut
851 3425 887 3484 ot
917 3439 981 3485 nos
1009 3421 1234 3484 dimittimus

86 3523 335 3590 debitoribus
363 3524 514 3589 nostris.
553 3524 605 3606 qui
633 3525 715 3588 enim
743 3522 889 3588 omuibus
916 3525 948 3588 in
979 3543 1012 3588 sc
1034 3525 1235 3607 peccantibus

86 3629 270 3694 clementor
292 3627 466 3708 indulserit,
494 3627 610 3692 nullius
633 3629 754 3710 pcccati
775 3628 947 3710 uestigium
969 3628 1002 3691 in
1025 3628 1108 3692 illius
1131 3629 1236 3692 anima
1262 3653 1287 3692 so

86 3730 283 3798 remanebit
322 3731 485 3813 attendite,
508 3733 632 3810 fratres,
656 3736 687 3795 et
701 3732 903 3811 considerate,
927 3732 1008 3814 quod
1029 3731 1101 3812 diri,
1128 3732 1235 3814 quiin

87 3859 123 3902 se
148 3835 296 3920 peccanti
318 3835 492 3917 indulserit,
522 3853 584 3900 non
608 3835 679 3916 diri,
709 3837 802 3918 quod,
832 3836 886 3918 qui
917 3837 947 3900 in
972 3836 1028 3900 dco
1052 3835 1235 3919 peccauerit,

201 4023 249 4093 aa]
267 4023 364 4078 nanu
377 4027 401 4088 e,
416 4027 456 4080 aa.

133 4204 154 4258 4
176 4199 271 4254 doctos
288 4197 420 4267 (doctores
438 4199 465 4264 a)
484 4197 642 4252 instruimus
665 4199 703 4254 Co
772 4203 788 4254 5
808 4203 899 4256 tamo
968 4203 984 4254 6
1006 4197 1194 4268 praedictionis
1212 4219 1235 4270 o,

85 4287 248 4359 ‘pdi'c'oisO
301 4289 334 4343 18
351 4281 496 4341 minutiae
547 4287 582 4340 26
600 4301 680 4353 queso
699 4283 782 4340 rso
836 4301 933 4354 quaeso
950 4305 1030 4342 omo
1090 4288 1122 4341 27
1142 4285 1235 4340 libera-

87 4387 137 4432 tur
157 4375 282 4428 oratione
300 4374 433 4428 dominica
449 4375 477 4428 A
