2954 4930
432 423 659 492 Epistularum
677 423 775 479 1in
792 384 886 480 9-1o
1168 423 1232 488 385

95 601 140 678 nt,
171 615 248 680 quos
278 599 328 663 hio
355 599 488 664 ueritate
515 600 683 680 coniunxit,
715 599 778 663 illic
799 599 990 664 habitatione
1012 616 1075 664 non
1098 602 1230 682 separet.

91 703 333 784 promissionem
365 707 505 768 uestram
534 704 675 768 recolens
705 704 890 787 peculiarius
921 722 1005 787 rogo,
1039 706 1075 767 ut
1103 703 1232 767 fratrem

91 806 272 871 Pomerium
306 808 456 872 sanctitas
486 812 593 873 uestra
623 827 686 873 non
716 809 817 873 solnm
847 826 909 872 non
940 809 1087 888 retineat,
1121 827 1231 871 uemm

94 911 191 975 etiam
209 911 248 976 ad
263 930 319 977 nos
336 913 442 976 uenire
458 913 614 995 conpellat
628 916 811 996 partemque
828 931 917 977 suam
933 913 1023 976 nobis
1039 911 1231 976 indiuiduam

92 1034 149 1098 per
164 1016 326 1098 utriusque
342 1017 546 1081 transmittet.
578 1035 636 1082 neo
651 1035 723 1080 eum
740 1017 862 1081 anobis
879 1016 1046 1096 discedere,
1071 1016 1097 1079 si
1120 1015 1159 1079 ad
1181 1012 1231 1080 me
1258 1043 1271 1080 e

92 1121 269 1201 accesserit,
292 1121 444 1202 iudicetis,
468 1121 541 1204 quia
565 1125 596 1185 et
617 1139 672 1185 uos
696 1121 746 1185 hic
769 1122 908 1185 inueniet
930 1122 962 1185 in
986 1140 1036 1214 me
1060 1124 1177 1185 etcum
1195 1138 1231 1185 eo

91 1242 149 1288 nos
181 1224 338 1290 residente
370 1242 505 1309 corpore,
536 1229 572 1289 ut
594 1225 789 1306 confidimns,
819 1225 911 1290 eorde
934 1225 1076 1289 uenietie.
1123 1225 1177 1288 sed
1201 1228 1233 1288 et

92 1328 168 1392 inde
185 1347 247 1393 non
269 1348 400 1412 paruum
424 1331 560 1393 fructum
583 1329 699 1394 habere
722 1330 873 1412 poteritis,
897 1331 924 1393 si
947 1329 1103 1393 rusticitas
1127 1332 1234 1392 nostra

91 1433 234 1497 doctrina
257 1434 352 1516 ipsius
376 1434 492 1515 aliquid
516 1435 547 1497 in
571 1434 620 1497 dei
644 1435 754 1498 timore
776 1434 951 1516 profecerit.

645 1677 683 1741 Χ
1260 1720 1285 1757 o

90 1837 216 1878 DOHlNO
246 1839 366 1878 eulmen
397 1837 478 1878 SUAE
508 1839 548 1878 ΕΤ
575 1839 608 1879 IN
635 1837 767 1878 uenturo
791 1837 910 1880 noiomo
933 1835 1116 1880 UISOEBIBUS
1137 1837 1233 1879 EXGO·

279 1925 382 1964 LENDO
405 1925 543 1964 Pomnnro
567 1925 682 1965 ΑΒΒΑΤΙ
706 1924 849 1966 eustolus
873 1923 1049 1966 artocopus.

136 2057 300 2140 Sapientes
324 2058 440 2121 saeculi
461 2058 577 2122 amicos
594 2058 669 2122 duos
684 2075 781 2122 unam
797 2059 934 2123 animam
949 2057 1064 2123 habere
1081 2058 1233 2140 dixerunt,

91 2162 178 2244 quod
210 2181 267 2245 ego
298 2163 392 2226 etiem
416 2163 624 2226 ecclesiastico
648 2163 827 2226 testimonio
850 2181 959 2227 uerum
984 2181 1052 2227 esse
1075 2162 1234 2244 confirmo,

90 2285 155 2349 quo
179 2267 237 2330 ait:
269 2267 504 2331 credentium
536 2271 660 2331 autem
691 2271 771 2330 erat
799 2267 922 2331 anima
952 2271 987 2330 et
1016 2284 1077 2330 eor
1106 2283 1232 2348 unum,
1260 2289 1285 2329 ιι

89 2389 194 2435 unum
223 2371 330 2452 utique
358 2371 498 2450 caritate,
527 2388 589 2434 non
612 2388 752 2450 numero,
784 2375 816 2434 et
837 2370 910 2434 fidei
933 2370 1140 2453 simplicitate,
1172 2389 1233 2435 non

90 2473 313 2557 singularitate
340 2491 500 2557 personae.
545 2473 603 2538 hoo
627 2493 699 2557 ergo
721 2475 865 2558 praedico
887 2474 1053 2556 proboque.
1100 2493 1173 2539 nam
1198 2493 1233 2538 en

91 2597 158 2662 quo
189 2597 208 2641 a
238 2582 344 2642 uestra
373 2579 580 2643 unanimitate
611 2579 753 2658 discessi,
788 2579 924 2643 diuisum
955 2597 1023 2643 esse
1053 2597 1104 2642 me
1134 2580 1234 2643 sentio

89 2686 278 2766 partemque
306 2700 409 2746 meam
432 2683 595 2747 uobiscum
617 2683 770 2746 resedisse
793 2700 945 2767 cognosco
968 2701 1025 2746 neo
1051 2683 1233 2747 absentibus

91 2785 186 2850 uobis
209 2786 366 2868 integrum
389 2805 456 2850 esse
479 2806 529 2850 me
550 2787 640 2850 credo
657 2791 697 2866 et,
718 2805 789 2850 cum
805 2805 856 2850 me
872 2787 903 2850 in
921 2806 970 2850 me
987 2805 1047 2850 non
1064 2786 1232 2865 inueniam,
1262 2811 1286 2848 eo

90 2890 178 2974 apud
206 2907 262 2953 uos
285 2908 335 2953 me
358 2890 397 2954 ad
420 2909 476 2954 uos
499 2909 659 2974 regressus
682 2891 804 2972 inquiro
827 2894 920 2972 atque
943 2889 1058 2954 ibidem
1082 2893 1233 2971 quantum

91 2995 159 3058 mei
192 2992 280 3056 uobis
311 2993 483 3076 reliquisse,
519 2997 643 3058 tantum
674 2995 772 3058 uestri
802 3013 927 3058 mecum
960 2993 1127 3057 abstulisse
1161 3011 1234 3058 oon·

90 3097 203 3180 spicio.
242 3101 273 3161 et
295 3097 501 3180 omnipotenti
525 3098 580 3162 deo
603 3099 720 3182 gratias
749 3117 841 3181 super
863 3101 929 3162 tam
953 3096 1130 3162 admirabili
1151 3096 1233 3161 iacto

91 3203 163 3266 eius
194 3201 303 3282 refero,
334 3203 416 3284 quod
445 3202 490 3266 ita
516 3203 654 3286 generali
677 3201 813 3266 tribuere
836 3203 1065 3285 dispensatione
1088 3201 1234 3285 dignatus

44 3295 46 3298 ’
90 3311 155 3386 est,
185 3309 222 3368 ut
251 3307 419 3385 intereos,
450 3323 527 3388 quos
550 3307 689 3370 locorum
712 3307 879 3370 interualla
902 3307 1124 3386 discriminant,
1155 3305 1234 3369 liber
1261 3331 1286 3370 re

90 3429 130 3474 ao
156 3409 251 3473 nullis
275 3410 439 3474 conclusus
462 3410 623 3475 absentiae
646 3409 768 3494 legibus
792 3411 914 3474 animus
938 3414 1127 3474 commearet
1141 3409 1235 3472 nihil-

89 3533 156 3597 que
187 3515 271 3578 esset
300 3518 365 3578 tam
388 3515 624 3598 inpenetrabile,
656 3515 736 3596 quod
759 3517 873 3578 mentis
897 3514 1072 3598 aspectibus
1096 3531 1157 3578 non
1181 3531 1236 3596 pa-

202 3727 418 3798 mmmm

137 3927 281 3998 Sacrum]
301 3927 428 3985 osseus
479 3927 658 3983 dindinidud
671 3929 699 3996 S,
718 3929 747 3982 in
765 3927 941 3983 diuiduumo
993 3927 1051 3997 per]
1068 3943 1087 3997 p
1102 3927 1131 3996 S,
1148 3945 1236 3992 omo,

88 4015 350 4083 redintegrationem
377 4033 410 4070 eo
430 4016 466 4084 pl.
489 4016 674 4072 Mommsenoe
744 4019 760 4070 5
783 4015 938 4069 transmittet
961 4016 984 4070 8
1057 4013 1239 4082 9pflocritS

91 4101 239 4160 rienes
309 4104 341 4158 12
359 4033 594 4172 amlffiepss
663 4104 696 4157 13
714 4101 844 4155 unanimi
861 4103 890 4167 S,
909 4119 1005 4156 corno
1077 4103 1109 4156 15
1132 4100 1236 4168 quode

90 4188 302 4257 mperatres
356 4191 388 4244 18
407 4187 565 4245 discensiS
616 4189 741 4244 sencioS
791 4191 826 4244 22
844 4189 895 4242 mei
914 4207 937 4252 o,
957 4204 998 4241 me
1019 4187 1102 4243 sm.
1157 4185 1236 4240 reliu-

88 4275 186 4346 quisse
200 4276 223 4330 S
274 4277 308 4330 28
322 4273 540 4344 deo-consistit]
558 4277 592 4344 cs.
607 4275 709 4330 Fausti
721 4292 760 4344 cp.
775 4275 805 4328 X
814 4293 843 4344 p.
856 4279 916 4342 215,
930 4279 963 4328 19
975 4293 1028 4344 sqq.
1044 4281 1067 4328 et
1079 4275 1147 4329 Rar.
1159 4275 1238 4329 1152

86 4369 126 4420 ‘25
148 4360 308 4415 discrimant
327 4363 350 4418 S
400 4365 434 4418 26
453 4361 680 4416 conclusebseutie
701 4363 724 4418 S

148 4455 203 4498 111.
217 4455 291 4498 host.
1049 4451 1082 4499 26
