<?xml version="1.0" encoding="UTF-8"?>
<!DOCTYPE html PUBLIC "-//W3C//DTD XHTML 1.0 Transitional//EN"
    "http://www.w3.org/TR/xhtml1/DTD/xhtml1-transitional.dtd">
<html xmlns="http://www.w3.org/1999/xhtml" xml:lang="en" lang="en">
 <head>
  <title>
</title>
<meta http-equiv="Content-Type" content="text/html;charset=utf-8" />
  <meta name='ocr-system' content='tesseract 3.04.00' />
  <meta name='ocr-capabilities' content='ocr_page ocr_carea ocr_par ocr_line ocrx_word'/>
</head>
<body>
  <div class='ocr_page' id='page_1' title='image "./praetersermones00fausgoog/praetersermones00fausgoog_0128.png"; bbox 0 0 2920 4930; ppageno 0'>
   <div class='ocr_carea' id='block_1_1' title="bbox 223 391 896 462">
    <p class='ocr_par' dir='ltr' id='par_1_1' title="bbox 223 391 896 462">
     <span class='ocr_line' id='line_1_1' title="bbox 223 391 896 462; baseline -0.003 -16"><span class='ocrx_word' id='word_1_1' title='bbox 223 396 267 462; x_wconf 87' lang='lat'><strong>40</strong></span> <span class='ocrx_word' id='word_1_2' title='bbox 685 393 707 446; x_wconf 92' lang='lat'><strong>1.</strong></span> <span class='ocrx_word' id='word_1_3' title='bbox 725 392 771 446; x_wconf 92' lang='lat' dir='ltr'><strong>De</strong></span> <span class='ocrx_word' id='word_1_4' title='bbox 789 391 896 460; x_wconf 80' lang='lat' dir='ltr'><strong>gratie</strong></span> 
     </span>
    </p>
   </div>
   <div class='ocr_carea' id='block_1_2' title="bbox 187 563 1364 1159">
    <p class='ocr_par' dir='ltr' id='par_1_2' title="bbox 224 563 1363 966">
     <span class='ocr_line' id='line_1_2' title="bbox 224 563 1360 653; baseline -0.009 -16"><span class='ocrx_word' id='word_1_5' title='bbox 224 577 327 638; x_wconf 87' lang='lat' dir='ltr'><strong>tuere</strong></span> <span class='ocrx_word' id='word_1_6' title='bbox 351 572 472 652; x_wconf 91' lang='lat' dir='ltr'><strong>illum,</strong></span> <span class='ocrx_word' id='word_1_7' title='bbox 496 573 602 653; x_wconf 89' lang='lat' dir='ltr'><strong>aperte</strong></span> <span class='ocrx_word' id='word_1_8' title='bbox 625 568 761 634; x_wconf 77' lang='lat' dir='ltr'><strong>ostendit</strong></span> <span class='ocrx_word' id='word_1_9' title='bbox 784 570 901 632; x_wconf 82' lang='lat' dir='ltr'><strong>statum</strong></span> <span class='ocrx_word' id='word_1_10' title='bbox 928 565 1063 632; x_wconf 90' lang='lat' dir='ltr'><strong>hominis</strong></span> <span class='ocrx_word' id='word_1_11' title='bbox 1090 566 1120 629; x_wconf 91' lang='lat' dir='ltr'><strong>in</strong></span> <span class='ocrx_word' id='word_1_12' title='bbox 1149 563 1270 628; x_wconf 80' lang='lat' dir='ltr'><strong>diuersa</strong></span> <span class='ocrx_word' id='word_1_13' title='bbox 1298 582 1360 628; x_wconf 90' lang='lat' dir='ltr'><strong>non</strong></span> 
     </span>
     <span class='ocr_line' id='line_1_3' title="bbox 224 671 1360 760; baseline -0.008 -18"><span class='ocrx_word' id='word_1_14' title='bbox 224 695 279 760; x_wconf 91' lang='lat' dir='ltr'><strong>pro</strong></span> <span class='ocrx_word' id='word_1_15' title='bbox 302 675 521 742; x_wconf 90' lang='lat' dir='ltr'><strong>constitutione</strong></span> <span class='ocrx_word' id='word_1_16' title='bbox 553 674 610 755; x_wconf 91' lang='lat' dir='ltr'><strong>dei,</strong></span> <span class='ocrx_word' id='word_1_17' title='bbox 642 673 696 738; x_wconf 92' lang='lat' dir='ltr'><strong>sed</strong></span> <span class='ocrx_word' id='word_1_18' title='bbox 725 691 781 756; x_wconf 93' lang='lat' dir='ltr'><strong>pro</strong></span> <span class='ocrx_word' id='word_1_19' title='bbox 809 671 926 736; x_wconf 88' lang='lat' dir='ltr'><strong>arbitrii</strong></span> <span class='ocrx_word' id='word_1_20' title='bbox 952 671 1095 736; x_wconf 88' lang='lat' dir='ltr'><strong>libertate</strong></span> <span class='ocrx_word' id='word_1_21' title='bbox 1116 688 1208 752; x_wconf 91' lang='lat' dir='ltr'><strong>posse</strong></span> <span class='ocrx_word' id='word_1_22' title='bbox 1230 671 1360 734; x_wconf 83' lang='lat' dir='ltr'><strong>uersari.</strong></span> 
     </span>
     <span class='ocr_line' id='line_1_4' title="bbox 225 773 1362 858; baseline -0.008 -13"><span class='ocrx_word' id='word_1_23' title='bbox 225 781 279 846; x_wconf 88' lang='lat' dir='ltr'><strong>sed</strong></span> <span class='ocrx_word' id='word_1_24' title='bbox 299 785 330 845; x_wconf 92' lang='lat' dir='ltr'><strong>et</strong></span> <span class='ocrx_word' id='word_1_25' title='bbox 344 780 452 844; x_wconf 80' lang='lat' dir='ltr'><strong>Esaias</strong></span> <span class='ocrx_word' id='word_1_26' title='bbox 476 779 635 844; x_wconf 89' lang='lat' dir='ltr'><strong>euidenter</strong></span> <span class='ocrx_word' id='word_1_27' title='bbox 658 777 804 842; x_wconf 84' lang='lat' dir='ltr'><strong>adfirmet</strong></span> <span class='ocrx_word' id='word_1_28' title='bbox 823 777 992 858; x_wconf 85' lang='lat' dir='ltr'><strong>deprauata</strong></span> <span class='ocrx_word' id='word_1_29' title='bbox 1007 774 1117 858; x_wconf 76' lang='lat' dir='ltr'><strong>corrigi</strong></span> <span class='ocrx_word' id='word_1_30' title='bbox 1134 777 1164 838; x_wconf 87' lang='lat' dir='ltr'><strong>et</strong></span> <span class='ocrx_word' id='word_1_31' title='bbox 1179 773 1253 838; x_wconf 92' lang='lat' dir='ltr'><strong>dilui</strong></span> <span class='ocrx_word' id='word_1_32' title='bbox 1268 790 1362 855; x_wconf 91' lang='lat' dir='ltr'><strong>posse</strong></span> 
     </span>
     <span class='ocr_line' id='line_1_5' title="bbox 225 879 1363 966; baseline -0.008 -16"><span class='ocrx_word' id='word_1_33' title='bbox 225 885 391 965; x_wconf 85' lang='lat' dir='ltr'><strong>maculate,</strong></span> <span class='ocrx_word' id='word_1_34' title='bbox 407 902 478 948; x_wconf 88' lang='lat' dir='ltr'><strong>eum</strong></span> <span class='ocrx_word' id='word_1_35' title='bbox 494 884 533 948; x_wconf 90' lang='lat' dir='ltr'><strong>ad</strong></span> <span class='ocrx_word' id='word_1_36' title='bbox 548 886 726 966; x_wconf 78' lang='lat' dir='ltr'>peccatores</span> <span class='ocrx_word' id='word_1_37' title='bbox 741 882 876 964; x_wconf 86' lang='lat' dir='ltr'><strong>loquitur</strong></span> <span class='ocrx_word' id='word_1_38' title='bbox 892 880 1011 944; x_wconf 82' lang='lat' dir='ltr'><strong>dicens:</strong></span> <span class='ocrx_word' id='word_1_39' title='bbox 1026 879 1220 960; x_wconf 86' lang='lat' dir='ltr'><strong>lauemiui,</strong></span> <span class='ocrx_word' id='word_1_40' title='bbox 1234 879 1363 942; x_wconf 90' lang='lat' dir='ltr'><strong>muudi</strong></span> 
     </span>
    </p>

    <p class='ocr_par' dir='ltr' id='par_1_3' title="bbox 187 980 1364 1159">
     <span class='ocr_line' id='line_1_6' title="bbox 187 980 1364 1070; baseline -0.006 -15"><span class='ocrx_word' id='word_1_41' title='bbox 187 1018 200 1057; x_wconf 75' lang='lat' dir='ltr'><strong>s</strong></span> <span class='ocrx_word' id='word_1_42' title='bbox 226 992 360 1070; x_wconf 86' lang='lat' dir='ltr'><strong>estote,</strong></span> <span class='ocrx_word' id='word_1_43' title='bbox 384 988 529 1053; x_wconf 85' lang='lat' dir='ltr'><strong>auferte</strong></span> <span class='ocrx_word' id='word_1_44' title='bbox 544 988 679 1052; x_wconf 88' lang='lat' dir='ltr'><strong>malum</strong></span> <span class='ocrx_word' id='word_1_45' title='bbox 696 986 964 1070; x_wconf 68' lang='lat' dir='ltr'><strong>cogitationum</strong></span> <span class='ocrx_word' id='word_1_46' title='bbox 980 987 1188 1048; x_wconf 85' lang='lat' dir='ltr'><strong>uestrarum</strong></span> <span class='ocrx_word' id='word_1_47' title='bbox 1212 980 1255 1046; x_wconf 88' lang='lat' dir='ltr'><strong>ab</strong></span> <span class='ocrx_word' id='word_1_48' title='bbox 1278 999 1364 1048; x_wconf 87' lang='lat' dir='ltr'><strong>ocu·</strong></span> 
     </span>
     <span class='ocr_line' id='line_1_7' title="bbox 225 1093 396 1159; baseline -0.012 0"><span class='ocrx_word' id='word_1_49' title='bbox 225 1094 272 1159; x_wconf 87' lang='lat' dir='ltr'><strong>lis</strong></span> <span class='ocrx_word' id='word_1_50' title='bbox 295 1093 396 1157; x_wconf 81' lang='lat' dir='ltr'><strong>meis</strong></span> 
     </span>
    </p>
   </div>
   <div class='ocr_carea' id='block_1_3' title="bbox 756 1245 829 1311">
    <p class='ocr_par' dir='ltr' id='par_1_4' title="bbox 756 1245 829 1311">
     <span class='ocr_line' id='line_1_8' title="bbox 756 1245 829 1311; baseline -0.068 1"><span class='ocrx_word' id='word_1_51' title='bbox 756 1245 829 1311; x_wconf 91' lang='lat' dir='ltr'><strong>XII.</strong></span> 
     </span>
    </p>
   </div>
   <div class='ocr_carea' id='block_1_4' title="bbox 225 1387 1365 1520">
    <p class='ocr_par' dir='ltr' id='par_1_5' title="bbox 225 1387 1365 1520">
     <span class='ocr_line' id='line_1_9' title="bbox 225 1387 1365 1434; baseline -0.001 -1"><span class='ocrx_word' id='word_1_52' title='bbox 225 1393 301 1434; x_wconf 72' lang='lat' dir='ltr'><strong>ITEM</strong></span> <span class='ocrx_word' id='word_1_53' title='bbox 328 1391 429 1433; x_wconf 69' lang='lat' dir='ltr'><strong>UELLE</strong></span> <span class='ocrx_word' id='word_1_54' title='bbox 457 1393 497 1433; x_wconf 78' lang='grc' dir='ltr'><strong>ΕΤ</strong></span> <span class='ocrx_word' id='word_1_55' title='bbox 523 1391 625 1433; x_wconf 75' lang='lat' dir='ltr'><strong>NOLIAE</strong></span> <span class='ocrx_word' id='word_1_56' title='bbox 653 1389 742 1433; x_wconf 72' lang='lat' dir='ltr'><strong>eleum</strong></span> <span class='ocrx_word' id='word_1_57' title='bbox 769 1389 813 1431; x_wconf 77' lang='lat' dir='ltr'><strong>An</strong></span> <span class='ocrx_word' id='word_1_58' title='bbox 841 1389 951 1430; x_wconf 74' lang='lat' dir='ltr'><strong>madon</strong></span> <span class='ocrx_word' id='word_1_59' title='bbox 978 1387 1030 1430; x_wconf 74' lang='lat' dir='ltr'><strong>lud</strong></span> <span class='ocrx_word' id='word_1_60' title='bbox 1059 1389 1157 1430; x_wconf 65' lang='lat' dir='ltr'><strong>aanor</strong></span> <span class='ocrx_word' id='word_1_61' title='bbox 1184 1387 1227 1430; x_wconf 75' lang='lat' dir='ltr'><strong>An</strong></span> <span class='ocrx_word' id='word_1_62' title='bbox 1255 1388 1365 1432; x_wconf 61' lang='lat' dir='ltr'>BONA!</span> 
     </span>
     <span class='ocr_line' id='line_1_10' title="bbox 336 1474 1252 1520; baseline -0.004 0"><span class='ocrx_word' id='word_1_63' title='bbox 336 1479 463 1520; x_wconf 68' lang='lat' dir='ltr'><strong>PARTEM</strong></span> <span class='ocrx_word' id='word_1_64' title='bbox 486 1477 614 1520; x_wconf 70' lang='lat' dir='ltr'>HOMINIS</span> <span class='ocrx_word' id='word_1_65' title='bbox 636 1477 784 1519; x_wconf 69' lang='lat' dir='ltr'><strong>namucno</strong></span> <span class='ocrx_word' id='word_1_66' title='bbox 807 1477 909 1518; x_wconf 69' lang='lat' dir='ltr'><strong>nemun</strong></span> <span class='ocrx_word' id='word_1_67' title='bbox 932 1475 1040 1518; x_wconf 73' lang='lat' dir='ltr'><strong>nmssn</strong></span> <span class='ocrx_word' id='word_1_68' title='bbox 1063 1474 1252 1518; x_wconf 68' lang='lat' dir='ltr'><strong>GOMHIBSUH.</strong></span> 
     </span>
    </p>
   </div>
   <div class='ocr_carea' id='block_1_5' title="bbox 115 1610 1459 3471">
    <p class='ocr_par' dir='ltr' id='par_1_6' title="bbox 175 1610 1458 1910">
     <span class='ocr_line' id='line_1_11' title="bbox 175 1610 1365 1694; baseline -0.004 -13"><span class='ocrx_word' id='word_1_69' title='bbox 175 1641 200 1682; x_wconf 83' lang='lat'><strong>10</strong></span> <span class='ocrx_word' id='word_1_70' title='bbox 268 1613 355 1678; x_wconf 90' lang='lat' dir='ltr'><strong>Inter</strong></span> <span class='ocrx_word' id='word_1_71' title='bbox 376 1613 453 1677; x_wconf 89' lang='lat' dir='ltr'><strong>haee</strong></span> <span class='ocrx_word' id='word_1_72' title='bbox 476 1612 607 1676; x_wconf 89' lang='lat' dir='ltr'><strong>sollicite</strong></span> <span class='ocrx_word' id='word_1_73' title='bbox 630 1610 719 1676; x_wconf 85' lang='lat' dir='ltr'><strong>nobis</strong></span> <span class='ocrx_word' id='word_1_74' title='bbox 747 1611 829 1694; x_wconf 88' lang='lat' dir='ltr'><strong>apud</strong></span> <span class='ocrx_word' id='word_1_75' title='bbox 856 1611 1028 1676; x_wconf 85' lang='lat' dir='ltr'><strong>haereticos</strong></span> <span class='ocrx_word' id='word_1_76' title='bbox 1056 1610 1276 1693; x_wconf 90' lang='lat' dir='ltr'><strong>requirendum</strong></span> <span class='ocrx_word' id='word_1_77' title='bbox 1307 1616 1365 1692; x_wconf 89' lang='lat' dir='ltr'><strong>est,</strong></span> 
     </span>
     <span class='ocr_line' id='line_1_12' title="bbox 226 1715 1365 1798; baseline -0.002 -16"><span class='ocrx_word' id='word_1_78' title='bbox 226 1720 332 1782; x_wconf 89' lang='lat' dir='ltr'><strong>utrum</strong></span> <span class='ocrx_word' id='word_1_79' title='bbox 354 1718 447 1782; x_wconf 91' lang='lat' dir='ltr'><strong>horno</strong></span> <span class='ocrx_word' id='word_1_80' title='bbox 471 1716 586 1782; x_wconf 89' lang='lat' dir='ltr'><strong>bonum</strong></span> <span class='ocrx_word' id='word_1_81' title='bbox 611 1733 673 1780; x_wconf 91' lang='lat' dir='ltr'><strong>non</strong></span> <span class='ocrx_word' id='word_1_82' title='bbox 695 1717 793 1798; x_wconf 78' lang='lat' dir='ltr'><strong>possit</strong></span> <span class='ocrx_word' id='word_1_83' title='bbox 816 1733 856 1780; x_wconf 85' lang='lat' dir='ltr'><strong>an</strong></span> <span class='ocrx_word' id='word_1_84' title='bbox 879 1716 964 1780; x_wconf 92' lang='lat' dir='ltr'><strong>nolit.</strong></span> <span class='ocrx_word' id='word_1_85' title='bbox 1006 1715 1101 1780; x_wconf 85' lang='lat' dir='ltr'><strong>insite</strong></span> <span class='ocrx_word' id='word_1_86' title='bbox 1122 1715 1239 1780; x_wconf 91' lang='lat' dir='ltr'><strong>homini</strong></span> <span class='ocrx_word' id='word_1_87' title='bbox 1261 1715 1365 1780; x_wconf 82' lang='lat' dir='ltr'><strong>bonae</strong></span> 
     </span>
     <span class='ocr_line' id='line_1_13' title="bbox 227 1819 1366 1904; baseline -0.001 -18"><span class='ocrx_word' id='word_1_88' title='bbox 227 1822 348 1887; x_wconf 85' lang='lat' dir='ltr'><strong>semine</strong></span> <span class='ocrx_word' id='word_1_89' title='bbox 370 1822 539 1886; x_wconf 88' lang='lat' dir='ltr'><strong>uoluntatis</strong></span> <span class='ocrx_word' id='word_1_90' title='bbox 570 1821 730 1885; x_wconf 89' lang='lat' dir='ltr'><strong>euidenter</strong></span> <span class='ocrx_word' id='word_1_91' title='bbox 754 1821 900 1904; x_wconf 82' lang='lat' dir='ltr'><strong>adsignat</strong></span> <span class='ocrx_word' id='word_1_92' title='bbox 921 1820 965 1884; x_wconf 87' lang='lat' dir='ltr'><strong>ita</strong></span> <span class='ocrx_word' id='word_1_93' title='bbox 988 1819 1109 1884; x_wconf 85' lang='lat' dir='ltr'><strong>dicens:</strong></span> <span class='ocrx_word' id='word_1_94' title='bbox 1140 1820 1170 1884; x_wconf 87' lang='lat' dir='ltr'><strong>si</strong></span> <span class='ocrx_word' id='word_1_95' title='bbox 1196 1821 1366 1885; x_wconf 88' lang='lat' dir='ltr'><strong>uolueris</strong></span> 
     </span>
    </p>

    <p class='ocr_par' dir='ltr' id='par_1_7' title="bbox 115 1923 1367 2114">
     <span class='ocr_line' id='line_1_14' title="bbox 115 1923 1367 2011; baseline 0.003 -24"><span class='ocrx_word' id='word_1_96' title='bbox 115 1969 119 1987; x_wconf 92' lang='lat'><strong>.</strong></span> <span class='ocrx_word' id='word_1_97' title='bbox 227 1924 604 2011; x_wconf 85' lang='lat' dir='ltr'><strong>mandata&lt;seruare&gt;,</strong></span> <span class='ocrx_word' id='word_1_98' title='bbox 627 1925 905 1990; x_wconf 86' lang='lat' dir='ltr'><strong>conseruabunt</strong></span> <span class='ocrx_word' id='word_1_99' title='bbox 927 1929 977 2006; x_wconf 88' lang='lat' dir='ltr'><strong>te,</strong></span> <span class='ocrx_word' id='word_1_100' title='bbox 1002 1929 1049 1989; x_wconf 88' lang='lat' dir='ltr'><strong>et:</strong></span> <span class='ocrx_word' id='word_1_101' title='bbox 1073 1923 1148 1989; x_wconf 93' lang='lat' dir='ltr'><strong>noli</strong></span> <span class='ocrx_word' id='word_1_102' title='bbox 1164 1923 1367 1991; x_wconf 76' lang='lat' dir='ltr'><strong>deficeres</strong></span> 
     </span>
     <span class='ocr_line' id='line_1_15' title="bbox 227 2029 1366 2114; baseline -0.002 -18"><span class='ocrx_word' id='word_1_103' title='bbox 227 2031 428 2114; x_wconf 82' lang='lat' dir='ltr'><strong>disciplina</strong></span> <span class='ocrx_word' id='word_1_104' title='bbox 443 2030 595 2112; x_wconf 89' lang='lat' dir='ltr'><strong>domini,</strong></span> <span class='ocrx_word' id='word_1_105' title='bbox 612 2034 656 2095; x_wconf 92' lang='lat' dir='ltr'><strong>et:</strong></span> <span class='ocrx_word' id='word_1_106' title='bbox 677 2030 754 2094; x_wconf 91' lang='lat' dir='ltr'><strong>noli</strong></span> <span class='ocrx_word' id='word_1_107' title='bbox 770 2029 959 2094; x_wconf 88' lang='lat' dir='ltr'><strong>abstinere</strong></span> <span class='ocrx_word' id='word_1_108' title='bbox 974 2029 1066 2093; x_wconf 93' lang='lat' dir='ltr'><strong>bene</strong></span> <span class='ocrx_word' id='word_1_109' title='bbox 1082 2029 1204 2094; x_wconf 85' lang='lat' dir='ltr'><strong>fecere</strong></span> <span class='ocrx_word' id='word_1_110' title='bbox 1220 2031 1366 2114; x_wconf 90' lang='lat' dir='ltr'><strong>egenti,</strong></span> 
     </span>
    </p>

    <p class='ocr_par' dir='ltr' id='par_1_8' title="bbox 175 2133 1459 2636">
     <span class='ocr_line' id='line_1_16' title="bbox 175 2133 1459 2215; baseline -0.004 -12"><span class='ocrx_word' id='word_1_111' title='bbox 175 2163 201 2203; x_wconf 80' lang='lat' dir='ltr'><strong>rs</strong></span> <span class='ocrx_word' id='word_1_112' title='bbox 228 2139 274 2200; x_wconf 85' lang='lat' dir='ltr'><strong>et:</strong></span> <span class='ocrx_word' id='word_1_113' title='bbox 298 2136 373 2199; x_wconf 93' lang='lat' dir='ltr'><strong>noli</strong></span> <span class='ocrx_word' id='word_1_114' title='bbox 388 2133 566 2200; x_wconf 84' lang='lat' dir='ltr'><strong>fabricari</strong></span> <span class='ocrx_word' id='word_1_115' title='bbox 581 2135 617 2199; x_wconf 92' lang='lat' dir='ltr'><strong>in</strong></span> <span class='ocrx_word' id='word_1_116' title='bbox 637 2134 793 2198; x_wconf 87' lang='lat' dir='ltr'><strong>amicum</strong></span> <span class='ocrx_word' id='word_1_117' title='bbox 810 2137 912 2198; x_wconf 92' lang='lat' dir='ltr'><strong>tuum</strong></span> <span class='ocrx_word' id='word_1_118' title='bbox 928 2135 1038 2214; x_wconf 87' lang='lat' dir='ltr'><strong>mala,</strong></span> <span class='ocrx_word' id='word_1_119' title='bbox 1062 2137 1109 2198; x_wconf 91' lang='lat' dir='ltr'><strong>et:</strong></span> <span class='ocrx_word' id='word_1_120' title='bbox 1133 2134 1251 2198; x_wconf 89' lang='lat' dir='ltr'><strong>nolite</strong></span> <span class='ocrx_word' id='word_1_121' title='bbox 1267 2134 1368 2215; x_wconf 85' lang='lat' dir='ltr'><strong>fieri,</strong></span> <span class='ocrx_word' id='word_1_122' title='bbox 1458 2169 1459 2198; x_wconf 69' lang='lat'>3</span> 
     </span>
     <span class='ocr_line' id='line_1_17' title="bbox 227 2237 1367 2322; baseline -0.001 -18"><span class='ocrx_word' id='word_1_123' title='bbox 227 2240 325 2304; x_wconf 88' lang='lat' dir='ltr'><strong>sicut</strong></span> <span class='ocrx_word' id='word_1_124' title='bbox 351 2257 466 2322; x_wconf 89' lang='lat' dir='ltr'><strong>equus</strong></span> <span class='ocrx_word' id='word_1_125' title='bbox 497 2243 534 2304; x_wconf 91' lang='lat' dir='ltr'><strong>et</strong></span> <span class='ocrx_word' id='word_1_126' title='bbox 562 2239 700 2320; x_wconf 89' lang='lat' dir='ltr'><strong>mulus,</strong></span> <span class='ocrx_word' id='word_1_127' title='bbox 730 2239 766 2302; x_wconf 94' lang='lat' dir='ltr'><strong>in</strong></span> <span class='ocrx_word' id='word_1_128' title='bbox 793 2237 928 2320; x_wconf 86' lang='lat' dir='ltr'><strong>quibus</strong></span> <span class='ocrx_word' id='word_1_129' title='bbox 952 2256 1023 2302; x_wconf 92' lang='lat' dir='ltr'><strong>nou</strong></span> <span class='ocrx_word' id='word_1_130' title='bbox 1047 2241 1103 2302; x_wconf 88' lang='lat' dir='ltr'><strong>est</strong></span> <span class='ocrx_word' id='word_1_131' title='bbox 1124 2238 1367 2320; x_wconf 86' lang='lat' dir='ltr'><strong>intellectus,</strong></span> 
     </span>
     <span class='ocr_line' id='line_1_18' title="bbox 227 2341 1369 2427; baseline 0.001 -20"><span class='ocrx_word' id='word_1_132' title='bbox 227 2347 276 2408; x_wconf 87' lang='lat' dir='ltr'><strong>et:</strong></span> <span class='ocrx_word' id='word_1_133' title='bbox 299 2343 375 2408; x_wconf 92' lang='lat' dir='ltr'><strong>noli</strong></span> <span class='ocrx_word' id='word_1_134' title='bbox 397 2344 592 2427; x_wconf 87' lang='lat' dir='ltr'><strong>repudiare</strong></span> <span class='ocrx_word' id='word_1_135' title='bbox 613 2343 772 2408; x_wconf 85' lang='lat' dir='ltr'><strong>consilia</strong></span> <span class='ocrx_word' id='word_1_136' title='bbox 794 2343 926 2407; x_wconf 88' lang='lat' dir='ltr'><strong>matris</strong></span> <span class='ocrx_word' id='word_1_137' title='bbox 950 2347 1050 2424; x_wconf 81' lang='lat' dir='ltr'><strong>tuse,</strong></span> <span class='ocrx_word' id='word_1_138' title='bbox 1073 2345 1120 2407; x_wconf 90' lang='lat' dir='ltr'><strong>et:</strong></span> <span class='ocrx_word' id='word_1_139' title='bbox 1144 2341 1222 2407; x_wconf 91' lang='lat' dir='ltr'><strong>noli</strong></span> <span class='ocrx_word' id='word_1_140' title='bbox 1244 2343 1369 2408; x_wconf 88' lang='lat' dir='ltr'><strong>inten-</strong></span> 
     </span>
     <span class='ocr_line' id='line_1_19' title="bbox 227 2446 1369 2530; baseline 0 -18"><span class='ocrx_word' id='word_1_141' title='bbox 227 2448 310 2512; x_wconf 88' lang='lat' dir='ltr'><strong>dere</strong></span> <span class='ocrx_word' id='word_1_142' title='bbox 341 2447 469 2512; x_wconf 88' lang='lat' dir='ltr'><strong>fallaci</strong></span> <span class='ocrx_word' id='word_1_143' title='bbox 499 2447 662 2529; x_wconf 91' lang='lat' dir='ltr'><strong>mulieri,</strong></span> <span class='ocrx_word' id='word_1_144' title='bbox 693 2451 741 2511; x_wconf 88' lang='lat' dir='ltr'><strong>et:</strong></span> <span class='ocrx_word' id='word_1_145' title='bbox 776 2447 897 2512; x_wconf 90' lang='lat' dir='ltr'><strong>noluit</strong></span> <span class='ocrx_word' id='word_1_146' title='bbox 926 2447 1162 2530; x_wconf 81' lang='lat' dir='ltr'><strong>intellegere,</strong></span> <span class='ocrx_word' id='word_1_147' title='bbox 1196 2449 1237 2510; x_wconf 93' lang='lat' dir='ltr'><strong>ut</strong></span> <span class='ocrx_word' id='word_1_148' title='bbox 1271 2446 1369 2512; x_wconf 89' lang='lat' dir='ltr'><strong>bene</strong></span> 
     </span>
     <span class='ocr_line' id='line_1_20' title="bbox 227 2551 1370 2636; baseline -0.001 -19"><span class='ocrx_word' id='word_1_149' title='bbox 227 2555 367 2636; x_wconf 88' lang='lat' dir='ltr'><strong>ageret,</strong></span> <span class='ocrx_word' id='word_1_150' title='bbox 402 2557 449 2616; x_wconf 90' lang='lat' dir='ltr'><strong>et:</strong></span> <span class='ocrx_word' id='word_1_151' title='bbox 482 2553 683 2617; x_wconf 87' lang='lat' dir='ltr'><strong>noluerunt</strong></span> <span class='ocrx_word' id='word_1_152' title='bbox 713 2551 881 2635; x_wconf 89' lang='lat' dir='ltr'><strong>accipere</strong></span> <span class='ocrx_word' id='word_1_153' title='bbox 912 2552 1156 2634; x_wconf 81' lang='lat' dir='ltr'><strong>disciplinam.</strong></span> <span class='ocrx_word' id='word_1_154' title='bbox 1200 2553 1250 2615; x_wconf 92' lang='lat' dir='ltr'><strong>eui</strong></span> <span class='ocrx_word' id='word_1_155' title='bbox 1282 2552 1370 2618; x_wconf 91' lang='lat' dir='ltr'><strong>nolle</strong></span> 
     </span>
    </p>

    <p class='ocr_par' dir='ltr' id='par_1_9' title="bbox 174 2655 1375 3156">
     <span class='ocr_line' id='line_1_21' title="bbox 174 2655 1373 2740; baseline -0.003 -16"><span class='ocrx_word' id='word_1_156' title='bbox 174 2683 200 2724; x_wconf 80' lang='lat' dir='ltr'><strong>eo</strong></span> <span class='ocrx_word' id='word_1_157' title='bbox 227 2655 368 2738; x_wconf 87' lang='lat' dir='ltr'><strong>obicitur,</strong></span> <span class='ocrx_word' id='word_1_158' title='bbox 391 2657 473 2722; x_wconf 89' lang='lat' dir='ltr'><strong>uelle</strong></span> <span class='ocrx_word' id='word_1_159' title='bbox 495 2658 528 2721; x_wconf 94' lang='lat' dir='ltr'><strong>in</strong></span> <span class='ocrx_word' id='word_1_160' title='bbox 550 2661 696 2739; x_wconf 90' lang='lat' dir='ltr'><strong>promptu</strong></span> <span class='ocrx_word' id='word_1_161' title='bbox 718 2656 815 2720; x_wconf 87' lang='lat' dir='ltr'><strong>fuisse</strong></span> <span class='ocrx_word' id='word_1_162' title='bbox 838 2657 998 2721; x_wconf 90' lang='lat' dir='ltr'><strong>euidenter</strong></span> <span class='ocrx_word' id='word_1_163' title='bbox 1013 2656 1194 2720; x_wconf 87' lang='lat' dir='ltr'><strong>ostenditur.</strong></span> <span class='ocrx_word' id='word_1_164' title='bbox 1227 2660 1261 2720; x_wconf 86' lang='lat' dir='ltr'><strong>et</strong></span> <span class='ocrx_word' id='word_1_165' title='bbox 1276 2658 1373 2740; x_wconf 87' lang='lat' dir='ltr'><strong>plura</strong></span> 
     </span>
     <span class='ocr_line' id='line_1_22' title="bbox 226 2760 1372 2846; baseline 0 -20"><span class='ocrx_word' id='word_1_166' title='bbox 226 2761 339 2826; x_wconf 83' lang='lat' dir='ltr'><strong>similia</strong></span> <span class='ocrx_word' id='word_1_167' title='bbox 362 2763 488 2826; x_wconf 90' lang='lat' dir='ltr'><strong>suntin</strong></span> <span class='ocrx_word' id='word_1_168' title='bbox 512 2761 642 2844; x_wconf 89' lang='lat' dir='ltr'><strong>eloquiis</strong></span> <span class='ocrx_word' id='word_1_169' title='bbox 666 2761 781 2826; x_wconf 88' lang='lat' dir='ltr'><strong>ueteris</strong></span> <span class='ocrx_word' id='word_1_170' title='bbox 804 2762 993 2843; x_wconf 85' lang='lat' dir='ltr'><strong>testamenti,</strong></span> <span class='ocrx_word' id='word_1_171' title='bbox 1024 2779 1104 2843; x_wconf 87' lang='lat' dir='ltr'><strong>quae</strong></span> <span class='ocrx_word' id='word_1_172' title='bbox 1130 2760 1236 2825; x_wconf 88' lang='lat' dir='ltr'><strong>omnia</strong></span> <span class='ocrx_word' id='word_1_173' title='bbox 1263 2762 1372 2846; x_wconf 87' lang='lat' dir='ltr'><strong>ipsam</strong></span> 
     </span>
     <span class='ocr_line' id='line_1_23' title="bbox 226 2865 1373 2950; baseline 0.001 -20"><span class='ocrx_word' id='word_1_174' title='bbox 226 2866 400 2948; x_wconf 81' lang='lat' dir='ltr'><strong>specialiter</strong></span> <span class='ocrx_word' id='word_1_175' title='bbox 430 2867 648 2950; x_wconf 76' lang='lat' dir='ltr'><strong>consmingunt</strong></span> <span class='ocrx_word' id='word_1_176' title='bbox 678 2871 708 2930; x_wconf 89' lang='lat' dir='ltr'><strong>et</strong></span> <span class='ocrx_word' id='word_1_177' title='bbox 739 2867 929 2933; x_wconf 90' lang='lat' dir='ltr'><strong>conuincunt</strong></span> <span class='ocrx_word' id='word_1_178' title='bbox 961 2866 1164 2930; x_wconf 81' lang='lat' dir='ltr'><strong>uoluntatem.</strong></span> <span class='ocrx_word' id='word_1_179' title='bbox 1212 2865 1247 2928; x_wconf 92' lang='lat' dir='ltr'><strong>in</strong></span> <span class='ocrx_word' id='word_1_180' title='bbox 1279 2865 1373 2930; x_wconf 91' lang='lat' dir='ltr'><strong>libris</strong></span> 
     </span>
     <span class='ocr_line' id='line_1_24' title="bbox 225 2968 1374 3054; baseline 0.002 -20"><span class='ocrx_word' id='word_1_181' title='bbox 225 2970 321 3034; x_wconf 87' lang='lat' dir='ltr'><strong>etiem</strong></span> <span class='ocrx_word' id='word_1_182' title='bbox 343 2971 433 3035; x_wconf 90' lang='lat' dir='ltr'><strong>nouis</strong></span> <span class='ocrx_word' id='word_1_183' title='bbox 457 2971 644 3054; x_wconf 85' lang='lat' dir='ltr'><strong>euangelicis</strong></span> <span class='ocrx_word' id='word_1_184' title='bbox 667 2975 699 3034; x_wconf 92' lang='lat' dir='ltr'><strong>et</strong></span> <span class='ocrx_word' id='word_1_185' title='bbox 722 2971 908 3054; x_wconf 71' lang='lat' dir='ltr'><strong>apostolicis</strong></span> <span class='ocrx_word' id='word_1_186' title='bbox 939 2969 1011 3052; x_wconf 89' lang='lat' dir='ltr'><strong>quid</strong></span> <span class='ocrx_word' id='word_1_187' title='bbox 1039 2968 1121 3033; x_wconf 89' lang='lat' dir='ltr'><strong>eliud</strong></span> <span class='ocrx_word' id='word_1_188' title='bbox 1148 2969 1208 3034; x_wconf 87' lang='lat' dir='ltr'><strong>nisi</strong></span> <span class='ocrx_word' id='word_1_189' title='bbox 1234 2969 1374 3036; x_wconf 82' lang='lat' dir='ltr'><strong>libertus</strong></span> 
     </span>
     <span class='ocr_line' id='line_1_25' title="bbox 225 3073 1375 3156; baseline 0.002 -18"><span class='ocrx_word' id='word_1_190' title='bbox 225 3074 395 3138; x_wconf 87' lang='lat' dir='ltr'><strong>uoluntatis</strong></span> <span class='ocrx_word' id='word_1_191' title='bbox 419 3075 601 3156; x_wconf 84' lang='lat' dir='ltr'><strong>ostenditur,</strong></span> <span class='ocrx_word' id='word_1_192' title='bbox 628 3073 831 3139; x_wconf 88' lang='lat' dir='ltr'><strong>ubidicitur:</strong></span> <span class='ocrx_word' id='word_1_193' title='bbox 863 3074 977 3139; x_wconf 91' lang='lat' dir='ltr'><strong>nolite</strong></span> <span class='ocrx_word' id='word_1_194' title='bbox 1005 3073 1264 3139; x_wconf 82' lang='lat' dir='ltr'><strong>thesaurizare</strong></span> <span class='ocrx_word' id='word_1_195' title='bbox 1289 3075 1375 3140; x_wconf 90' lang='lat' dir='ltr'><strong>the-</strong></span> 
     </span>
    </p>

    <p class='ocr_par' dir='ltr' id='par_1_10' title="bbox 174 3177 1378 3471">
     <span class='ocr_line' id='line_1_26' title="bbox 174 3177 1377 3260; baseline 0.002 -17"><span class='ocrx_word' id='word_1_196' title='bbox 174 3202 199 3243; x_wconf 75' lang='lat' dir='ltr'><strong>se</strong></span> <span class='ocrx_word' id='word_1_197' title='bbox 226 3194 355 3243; x_wconf 87' lang='lat' dir='ltr'><strong>sauros</strong></span> <span class='ocrx_word' id='word_1_198' title='bbox 371 3178 407 3242; x_wconf 90' lang='lat' dir='ltr'><strong>in</strong></span> <span class='ocrx_word' id='word_1_199' title='bbox 423 3181 535 3258; x_wconf 88' lang='lat' dir='ltr'><strong>terra,</strong></span> <span class='ocrx_word' id='word_1_200' title='bbox 560 3181 608 3242; x_wconf 89' lang='lat' dir='ltr'><strong>et:</strong></span> <span class='ocrx_word' id='word_1_201' title='bbox 632 3179 748 3243; x_wconf 90' lang='lat' dir='ltr'><strong>nolite</strong></span> <span class='ocrx_word' id='word_1_202' title='bbox 769 3197 829 3244; x_wconf 92' lang='lat' dir='ltr'><strong>eos</strong></span> <span class='ocrx_word' id='word_1_203' title='bbox 852 3179 998 3259; x_wconf 87' lang='lat' dir='ltr'><strong>timere,</strong></span> <span class='ocrx_word' id='word_1_204' title='bbox 1019 3180 1081 3260; x_wconf 90' lang='lat' dir='ltr'><strong>qni</strong></span> <span class='ocrx_word' id='word_1_205' title='bbox 1100 3177 1276 3243; x_wconf 83' lang='lat' dir='ltr'><strong>occidnut</strong></span> <span class='ocrx_word' id='word_1_206' title='bbox 1294 3199 1377 3246; x_wconf 88' lang='lat' dir='ltr'><strong>cor-</strong></span> 
     </span>
     <span class='ocr_line' id='line_1_27' title="bbox 225 3281 1376 3366; baseline 0.003 -21"><span class='ocrx_word' id='word_1_207' title='bbox 225 3299 302 3366; x_wconf 80' lang='lat' dir='ltr'><strong>pus</strong></span> <span class='ocrx_word' id='word_1_208' title='bbox 342 3281 456 3348; x_wconf 89' lang='lat' dir='ltr'><strong>sobrii</strong></span> <span class='ocrx_word' id='word_1_209' title='bbox 487 3286 625 3364; x_wconf 90' lang='lat' dir='ltr'><strong>estote,</strong></span> <span class='ocrx_word' id='word_1_210' title='bbox 656 3283 747 3348; x_wconf 89' lang='lat' dir='ltr'><strong>iusti</strong></span> <span class='ocrx_word' id='word_1_211' title='bbox 778 3286 814 3348; x_wconf 88' lang='lat' dir='ltr'><strong>et</strong></span> <span class='ocrx_word' id='word_1_212' title='bbox 845 3283 959 3347; x_wconf 87' lang='lat' dir='ltr'><strong>nolite</strong></span> <span class='ocrx_word' id='word_1_213' title='bbox 989 3300 1158 3366; x_wconf 88' lang='lat' dir='ltr'><strong>peceare,</strong></span> <span class='ocrx_word' id='word_1_214' title='bbox 1189 3281 1227 3346; x_wconf 86' lang='lat' dir='ltr'><strong>ed</strong></span> <span class='ocrx_word' id='word_1_215' title='bbox 1260 3283 1376 3349; x_wconf 72' lang='lat' dir='ltr'><strong>limo-</strong></span> 
     </span>
     <span class='ocr_line' id='line_1_28' title="bbox 225 3385 1378 3471; baseline 0.005 -21"><span class='ocrx_word' id='word_1_216' title='bbox 225 3385 348 3450; x_wconf 88' lang='lat' dir='ltr'><strong>theum:</strong></span> <span class='ocrx_word' id='word_1_217' title='bbox 371 3387 447 3450; x_wconf 93' lang='lat' dir='ltr'><strong>noli</strong></span> <span class='ocrx_word' id='word_1_218' title='bbox 468 3388 666 3471; x_wconf 89' lang='lat' dir='ltr'><strong>neglegere</strong></span> <span class='ocrx_word' id='word_1_219' title='bbox 686 3389 861 3470; x_wconf 85' lang='lat' dir='ltr'><strong>gratiam,</strong></span> <span class='ocrx_word' id='word_1_220' title='bbox 885 3405 977 3470; x_wconf 86' lang='lat' dir='ltr'><strong>quae</strong></span> <span class='ocrx_word' id='word_1_221' title='bbox 998 3386 1034 3450; x_wconf 93' lang='lat' dir='ltr'><strong>in</strong></span> <span class='ocrx_word' id='word_1_222' title='bbox 1054 3391 1089 3451; x_wconf 90' lang='lat' dir='ltr'><strong>te</strong></span> <span class='ocrx_word' id='word_1_223' title='bbox 1113 3390 1178 3451; x_wconf 89' lang='lat' dir='ltr'><strong>est.</strong></span> <span class='ocrx_word' id='word_1_224' title='bbox 1213 3406 1286 3453; x_wconf 88' lang='lat' dir='ltr'><strong>nec</strong></span> <span class='ocrx_word' id='word_1_225' title='bbox 1313 3391 1378 3456; x_wconf 88' lang='lat' dir='ltr'><strong>bo-</strong></span> 
     </span>
    </p>
   </div>
   <div class='ocr_carea' id='block_1_6' title="bbox 224 3565 1379 3895">
    <p class='ocr_par' dir='ltr' id='par_1_11' title="bbox 224 3565 1379 3895">
     <span class='ocr_line' id='line_1_29' title="bbox 327 3565 1377 3637; baseline 0.006 -17"><span class='ocrx_word' id='word_1_226' title='bbox 327 3565 356 3634; x_wconf 84' lang='lat'><strong>4]</strong></span> <span class='ocrx_word' id='word_1_227' title='bbox 374 3565 537 3630; x_wconf 60' lang='grc'>2531116.</span> <span class='ocrx_word' id='word_1_228' title='bbox 601 3567 645 3636; x_wconf 93' lang='grc'><strong>12]</strong></span> <span class='ocrx_word' id='word_1_229' title='bbox 664 3566 744 3621; x_wconf 84' lang='lat' dir='ltr'><strong>llccli.</strong></span> <span class='ocrx_word' id='word_1_230' title='bbox 759 3570 799 3632; x_wconf 89' lang='grc'><strong>15,</strong></span> <span class='ocrx_word' id='word_1_231' title='bbox 814 3569 853 3623; x_wconf 88' lang='grc'><strong>16.</strong></span> <span class='ocrx_word' id='word_1_232' title='bbox 918 3567 962 3636; x_wconf 89' lang='lat'><strong>13]</strong></span> <span class='ocrx_word' id='word_1_233' title='bbox 981 3567 1060 3620; x_wconf 87' lang='lat' dir='ltr'><strong>Prou.</strong></span> <span class='ocrx_word' id='word_1_234' title='bbox 1074 3569 1098 3630; x_wconf 89' lang='lat'><strong>3,</strong></span> <span class='ocrx_word' id='word_1_235' title='bbox 1113 3568 1153 3622; x_wconf 93' lang='lat'><strong>11.</strong></span> <span class='ocrx_word' id='word_1_236' title='bbox 1217 3567 1265 3637; x_wconf 85' lang='lat'><strong>15]</strong></span> <span class='ocrx_word' id='word_1_237' title='bbox 1287 3570 1377 3626; x_wconf 89' lang='lat' dir='ltr'><strong>Pron.</strong></span> 
     </span>
     <span class='ocr_line' id='line_1_30' title="bbox 225 3651 1378 3724; baseline 0.003 -15"><span class='ocrx_word' id='word_1_238' title='bbox 225 3655 249 3716; x_wconf 90' lang='grc'><strong>3,</strong></span> <span class='ocrx_word' id='word_1_239' title='bbox 262 3653 303 3708; x_wconf 86' lang='grc'><strong>29,</strong></span> <span class='ocrx_word' id='word_1_240' title='bbox 356 3651 455 3706; x_wconf 87' lang='lat' dir='ltr'><strong>Psalm.</strong></span> <span class='ocrx_word' id='word_1_241' title='bbox 469 3655 510 3718; x_wconf 88' lang='lat'><strong>31,</strong></span> <span class='ocrx_word' id='word_1_242' title='bbox 523 3655 547 3709; x_wconf 86' lang='lat'><strong>9.</strong></span> <span class='ocrx_word' id='word_1_243' title='bbox 603 3653 646 3722; x_wconf 84' lang='grc'>17]</span> <span class='ocrx_word' id='word_1_244' title='bbox 666 3653 746 3708; x_wconf 92' lang='lat' dir='ltr'><strong>Prou.</strong></span> <span class='ocrx_word' id='word_1_245' title='bbox 760 3657 783 3718; x_wconf 86' lang='lat'><strong>6,</strong></span> <span class='ocrx_word' id='word_1_246' title='bbox 797 3657 838 3712; x_wconf 87' lang='grc'><strong>20.</strong></span> <span class='ocrx_word' id='word_1_247' title='bbox 895 3653 974 3708; x_wconf 89' lang='lat' dir='ltr'><strong>Prou.</strong></span> <span class='ocrx_word' id='word_1_248' title='bbox 988 3656 1012 3718; x_wconf 87' lang='lat'><strong>5,</strong></span> <span class='ocrx_word' id='word_1_249' title='bbox 1025 3655 1049 3709; x_wconf 92' lang='grc'><strong>2.</strong></span> <span class='ocrx_word' id='word_1_250' title='bbox 1107 3653 1151 3723; x_wconf 88' lang='lat'><strong>18]</strong></span> <span class='ocrx_word' id='word_1_251' title='bbox 1170 3652 1273 3709; x_wconf 84' lang='lat' dir='ltr'><strong>Psalm.</strong></span> <span class='ocrx_word' id='word_1_252' title='bbox 1291 3659 1339 3724; x_wconf 87' lang='lat'><strong>35,</strong></span> <span class='ocrx_word' id='word_1_253' title='bbox 1352 3663 1378 3716; x_wconf 81' lang='lat'><strong>4.</strong></span> 
     </span>
     <span class='ocr_line' id='line_1_31' title="bbox 226 3737 1379 3811; baseline 0.006 -16"><span class='ocrx_word' id='word_1_254' title='bbox 226 3739 270 3808; x_wconf 86' lang='grc'>19]</span> <span class='ocrx_word' id='word_1_255' title='bbox 293 3737 385 3794; x_wconf 88' lang='lat' dir='ltr'><strong>Ierem.</strong></span> <span class='ocrx_word' id='word_1_256' title='bbox 404 3742 428 3804; x_wconf 89' lang='grc'><strong>5,</strong></span> <span class='ocrx_word' id='word_1_257' title='bbox 445 3742 469 3796; x_wconf 87' lang='grc'><strong>3.</strong></span> <span class='ocrx_word' id='word_1_258' title='bbox 535 3741 581 3809; x_wconf 85' lang='grc'><strong>24]</strong></span> <span class='ocrx_word' id='word_1_259' title='bbox 604 3739 700 3794; x_wconf 85' lang='lat' dir='ltr'><strong>Matth.</strong></span> <span class='ocrx_word' id='word_1_260' title='bbox 718 3744 742 3806; x_wconf 88' lang='grc'><strong>6,</strong></span> <span class='ocrx_word' id='word_1_261' title='bbox 763 3743 801 3797; x_wconf 90' lang='grc'><strong>19.</strong></span> <span class='ocrx_word' id='word_1_262' title='bbox 865 3741 910 3810; x_wconf 89' lang='grc'><strong>25]</strong></span> <span class='ocrx_word' id='word_1_263' title='bbox 929 3739 1025 3794; x_wconf 77' lang='lat' dir='ltr'><strong>Metto.</strong></span> <span class='ocrx_word' id='word_1_264' title='bbox 1040 3743 1080 3804; x_wconf 87' lang='grc'><strong>10,</strong></span> <span class='ocrx_word' id='word_1_265' title='bbox 1092 3741 1139 3804; x_wconf 80' lang='grc'><strong>28;</strong></span> <span class='ocrx_word' id='word_1_266' title='bbox 1160 3743 1172 3796; x_wconf 95' lang='grc'><strong>1</strong></span> <span class='ocrx_word' id='word_1_267' title='bbox 1192 3739 1253 3796; x_wconf 77' lang='lat' dir='ltr'><strong>eor.</strong></span> <span class='ocrx_word' id='word_1_268' title='bbox 1270 3747 1319 3811; x_wconf 88' lang='grc'><strong>15,</strong></span> <span class='ocrx_word' id='word_1_269' title='bbox 1334 3749 1379 3802; x_wconf 82' lang='grc'><strong>34.</strong></span> 
     </span>
     <span class='ocr_line' id='line_1_32' title="bbox 224 3825 674 3895; baseline -0.004 -13"><span class='ocrx_word' id='word_1_270' title='bbox 224 3825 270 3895; x_wconf 85' lang='grc'><strong>27]</strong></span> <span class='ocrx_word' id='word_1_271' title='bbox 291 3828 303 3882; x_wconf 96' lang='grc'><strong>1</strong></span> <span class='ocrx_word' id='word_1_272' title='bbox 324 3825 391 3880; x_wconf 89' lang='lat' dir='ltr'><strong>Tim.</strong></span> <span class='ocrx_word' id='word_1_273' title='bbox 404 3829 429 3890; x_wconf 88' lang='grc'><strong>4,</strong></span> <span class='ocrx_word' id='word_1_274' title='bbox 444 3829 488 3891; x_wconf 76' lang='grc' dir='ltr'>14ς</span> <span class='ocrx_word' id='word_1_275' title='bbox 506 3826 619 3882; x_wconf 93' lang='lat' dir='ltr'><strong>Philem.</strong></span> <span class='ocrx_word' id='word_1_276' title='bbox 635 3829 674 3882; x_wconf 80' lang='lat'><strong>14.</strong></span> 
     </span>
    </p>
   </div>
   <div class='ocr_carea' id='block_1_7' title="bbox 224 3989 1387 4412">
    <p class='ocr_par' dir='ltr' id='par_1_12' title="bbox 224 3989 1387 4412">
     <span class='ocr_line' id='line_1_33' title="bbox 267 3989 1385 4062; baseline 0.008 -16"><span class='ocrx_word' id='word_1_277' title='bbox 267 3989 428 4058; x_wconf 75' lang='lat' dir='ltr'><strong>2perbitrii</strong></span> <span class='ocrx_word' id='word_1_278' title='bbox 451 4008 483 4046; x_wconf 77' lang='lat' dir='ltr'><strong>aa</strong></span> <span class='ocrx_word' id='word_1_279' title='bbox 504 3989 625 4060; x_wconf 89' lang='lat' dir='ltr'><strong>perbitrii</strong></span> <span class='ocrx_word' id='word_1_280' title='bbox 649 3991 676 4044; x_wconf 93' lang='lat' dir='ltr'><strong><em>P</em></strong></span> <span class='ocrx_word' id='word_1_281' title='bbox 744 3991 991 4046; x_wconf 73' lang='lat' dir='ltr'><strong>limmaculatno</strong></span> <span class='ocrx_word' id='word_1_282' title='bbox 1065 3991 1199 4062; x_wconf 84' lang='lat' dir='ltr'><strong>9fuisse]</strong></span> <span class='ocrx_word' id='word_1_283' title='bbox 1223 3995 1274 4060; x_wconf 90' lang='lat' dir='ltr'><strong>qui</strong></span> <span class='ocrx_word' id='word_1_284' title='bbox 1303 4014 1335 4052; x_wconf 88' lang='lat' dir='ltr'><strong>se</strong></span> <span class='ocrx_word' id='word_1_285' title='bbox 1356 4001 1385 4054; x_wconf 91' lang='lat' dir='ltr'><strong><em>P</em></strong></span> 
     </span>
     <span class='ocr_line' id='line_1_34' title="bbox 224 4077 1382 4154; baseline 0.004 -24"><span class='ocrx_word' id='word_1_286' title='bbox 224 4077 386 4131; x_wconf 86' lang='lat' dir='ltr'><strong>conmissum</strong></span> <span class='ocrx_word' id='word_1_287' title='bbox 409 4077 437 4132; x_wconf 94' lang='lat' dir='ltr'><strong><em>P</em></strong></span> <span class='ocrx_word' id='word_1_288' title='bbox 507 4081 538 4132; x_wconf 84' lang='lat' dir='ltr'><strong>lo</strong></span> <span class='ocrx_word' id='word_1_289' title='bbox 561 4077 691 4130; x_wconf 88' lang='lat' dir='ltr'><strong>hereticos</strong></span> <span class='ocrx_word' id='word_1_290' title='bbox 713 4079 741 4132; x_wconf 90' lang='lat' dir='ltr'><strong><em>P</em></strong></span> <span class='ocrx_word' id='word_1_291' title='bbox 811 4080 840 4133; x_wconf 93' lang='grc'><strong>11</strong></span> <span class='ocrx_word' id='word_1_292' title='bbox 865 4077 943 4132; x_wconf 91' lang='lat' dir='ltr'><strong>nollit</strong></span> <span class='ocrx_word' id='word_1_293' title='bbox 965 4079 991 4132; x_wconf 94' lang='lat' dir='ltr'><strong><em>P</em></strong></span> <span class='ocrx_word' id='word_1_294' title='bbox 1061 4080 1094 4134; x_wconf 87' lang='grc'>12</span> <span class='ocrx_word' id='word_1_295' title='bbox 1114 4077 1281 4152; x_wconf 84' lang='lat' dir='ltr'><strong>uoluntatis]</strong></span> <span class='ocrx_word' id='word_1_296' title='bbox 1303 4087 1382 4154; x_wconf 83' lang='lat' dir='ltr'><strong>quod</strong></span> 
     </span>
     <span class='ocr_line' id='line_1_35' title="bbox 224 4164 1383 4241; baseline -0.002 -23"><span class='ocrx_word' id='word_1_297' title='bbox 224 4164 316 4220; x_wconf 74' lang='lat' dir='ltr'><strong>oddo</strong></span> <span class='ocrx_word' id='word_1_298' title='bbox 365 4165 396 4220; x_wconf 93' lang='grc'><strong>13</strong></span> <span class='ocrx_word' id='word_1_299' title='bbox 410 4179 513 4218; x_wconf 87' lang='lat' dir='ltr'><strong>seruare</strong></span> <span class='ocrx_word' id='word_1_300' title='bbox 525 4165 631 4228; x_wconf 78' lang='lat' dir='ltr'><strong>addidi,</strong></span> <span class='ocrx_word' id='word_1_301' title='bbox 645 4182 695 4221; x_wconf 87' lang='lat' dir='ltr'><strong>om.</strong></span> <span class='ocrx_word' id='word_1_302' title='bbox 709 4165 737 4218; x_wconf 96' lang='lat' dir='ltr'><strong><em>P</em></strong></span> <span class='ocrx_word' id='word_1_303' title='bbox 782 4167 901 4222; x_wconf 79' lang='lat' dir='ltr'><strong>eterraa</strong></span> <span class='ocrx_word' id='word_1_304' title='bbox 949 4169 979 4221; x_wconf 83' lang='lat'><strong>17</strong></span> <span class='ocrx_word' id='word_1_305' title='bbox 993 4165 1136 4235; x_wconf 84' lang='lat' dir='ltr'><strong>repudeare</strong></span> <span class='ocrx_word' id='word_1_306' title='bbox 1150 4167 1177 4221; x_wconf 94' lang='lat' dir='ltr'><strong><em>P</em></strong></span> <span class='ocrx_word' id='word_1_307' title='bbox 1228 4169 1267 4224; x_wconf 89' lang='grc'><strong>20</strong></span> <span class='ocrx_word' id='word_1_308' title='bbox 1282 4187 1383 4241; x_wconf 80' lang='lat' dir='ltr'><strong>prom.</strong></span> 
     </span>
     <span class='ocr_line' id='line_1_36' title="bbox 224 4251 1387 4321; baseline 0.01 -17"><span class='ocrx_word' id='word_1_309' title='bbox 224 4254 267 4304; x_wconf 86' lang='lat' dir='ltr'><strong>tus</strong></span> <span class='ocrx_word' id='word_1_310' title='bbox 281 4251 309 4304; x_wconf 93' lang='lat' dir='ltr'><strong><em>P</em></strong></span> <span class='ocrx_word' id='word_1_311' title='bbox 352 4253 386 4306; x_wconf 88' lang='grc'><strong>22</strong></span> <span class='ocrx_word' id='word_1_312' title='bbox 399 4251 561 4305; x_wconf 87' lang='lat' dir='ltr'><strong>conueniunt</strong></span> <span class='ocrx_word' id='word_1_313' title='bbox 574 4252 601 4306; x_wconf 94' lang='lat' dir='ltr'><strong><em>P</em></strong></span> <span class='ocrx_word' id='word_1_314' title='bbox 652 4253 685 4307; x_wconf 87' lang='grc'><strong>23</strong></span> <span class='ocrx_word' id='word_1_315' title='bbox 698 4251 846 4321; x_wconf 72' lang='lat' dir='ltr'><strong>apostolicis</strong></span> <span class='ocrx_word' id='word_1_316' title='bbox 859 4253 886 4307; x_wconf 92' lang='lat' dir='ltr'><strong><em>P</em></strong></span> <span class='ocrx_word' id='word_1_317' title='bbox 937 4255 970 4308; x_wconf 85' lang='grc'><strong>24</strong></span> <span class='ocrx_word' id='word_1_318' title='bbox 987 4253 1111 4308; x_wconf 76' lang='lat' dir='ltr'><strong>thesauro</strong></span> <span class='ocrx_word' id='word_1_319' title='bbox 1124 4253 1151 4308; x_wconf 89' lang='lat' dir='ltr'><strong><em>P</em></strong></span> <span class='ocrx_word' id='word_1_320' title='bbox 1203 4254 1238 4310; x_wconf 86' lang='grc'><strong>26</strong></span> <span class='ocrx_word' id='word_1_321' title='bbox 1261 4261 1343 4315; x_wconf 84' lang='lat' dir='ltr'><strong>stote</strong></span> <span class='ocrx_word' id='word_1_322' title='bbox 1359 4265 1387 4319; x_wconf 91' lang='lat' dir='ltr'><strong><em>P</em></strong></span> 
     </span>
     <span class='ocr_line' id='line_1_37' title="bbox 224 4337 758 4412; baseline 0.009 -23"><span class='ocrx_word' id='word_1_323' title='bbox 224 4337 343 4412; x_wconf 86' lang='lat' dir='ltr'><strong>peecare]</strong></span> <span class='ocrx_word' id='word_1_324' title='bbox 362 4341 389 4392; x_wconf 90' lang='lat' dir='ltr'><strong>et</strong></span> <span class='ocrx_word' id='word_1_325' title='bbox 407 4338 469 4394; x_wconf 86' lang='lat' dir='ltr'><strong>add.</strong></span> <span class='ocrx_word' id='word_1_326' title='bbox 489 4357 505 4396; x_wconf 86' lang='lat' dir='ltr'><strong>o</strong></span> <span class='ocrx_word' id='word_1_327' title='bbox 557 4337 712 4396; x_wconf 83' lang='lat' dir='ltr'><strong>timothium</strong></span> <span class='ocrx_word' id='word_1_328' title='bbox 730 4340 758 4394; x_wconf 94' lang='lat' dir='ltr'><strong><em>P</em></strong></span> 
     </span>
    </p>
   </div>
   <div class='ocr_carea' id='block_1_8' title="bbox 0 0 1474 4930">
    <p class='ocr_par' dir='ltr' id='par_1_13' title="bbox 0 0 1474 4930">
     <span class='ocr_line' id='line_1_38' title="bbox 0 0 1474 4930; baseline 0 0"><span class='ocrx_word' id='word_1_329' title='bbox 0 0 1474 4930; x_wconf 95' lang='lat' dir='ltr'><strong> </strong></span> 
     </span>
    </p>
   </div>
  </div>
 </body>
</html>
