2924 4924
455 1087 751 1164 FRAGMENTUM
774 1087 1011 1163 EPISTULAE
1034 1085 1197 1163 FAUSTI.

749 1275 903 1284 -——---

302 1463 342 1526 In
365 1473 518 1541 tractatu,
549 1461 606 1548 qui
628 1462 765 1526 additas
788 1472 834 1526 est
856 1461 1015 1548 epistulae
1037 1461 1193 1526 Iohannis
1217 1461 1261 1524 II.
1280 1481 1380 1549 papae

260 1589 345 1632 anno
366 1568 432 1632 534
455 1567 500 1631 asi
525 1565 716 1632 Caesarium
737 1567 774 1630 in
796 1589 897 1632 eausa
919 1567 1062 1652 episcopi
1084 1565 1258 1630 cuiusdam
1280 1566 1381 1629 Reien·

258 1671 314 1750 sis,
345 1673 403 1758 qui
433 1669 470 1736 ol
494 1671 630 1735 admissi
659 1670 809 1735 oriminis
835 1679 944 1734 notam
972 1669 1012 1733 ab
1040 1669 1230 1757 episcopatu
1253 1669 1380 1735 misem

259 1786 314 1854 est,
342 1776 448 1854 datae,
476 1777 554 1840 isaeo
582 1775 736 1863 lepuntur
764 1774 822 1862 (cf.
846 1773 996 1841 Consilia
1024 1775 1163 1862 antiqua
1187 1773 1319 1839 Galliae
1338 1771 1380 1836 ed.

260 1878 414 1945 Sirmoncl
435 1880 572 1966 1235):

302 1987 351 2051 'Et
372 1987 431 2051 hoo
453 1986 619 2070 diligenter
642 1985 865 2050 attendendum
889 1989 946 2066 ost,
969 1985 1088 2068 quodsi,
1116 1986 1286 2050 seeundum
1309 1981 1381 2066 quod

213 2109 216 2116 ·
259 2091 525 2174 suprascriptum
549 2092 606 2170 est,
629 2089 673 2154 illi
692 2089 805 2171 cleriei,
828 2089 881 2172 qui
904 2089 942 2153 sd
965 2107 1074 2153 uxores
1097 2091 1236 2172 proprios
1251 2089 1381 2166 redeunt,

259 2195 298 2260 ad
328 2195 484 2279 integrum
516 2194 554 2259 sb
577 2193 677 2259 offieio
701 2194 935 2278 suspenduntur
958 2197 999 2275 et,
1024 2195 1050 2257 si
1081 2195 1174 2258 etism
1198 2193 1313 2278 digami
1335 2195 1382 2255 eut

258 2301 506 2382 internuptarum
530 2298 645 2378 meriti,
673 2298 726 2382 qui
754 2299 860 2380 utique
887 2317 956 2362 rem
981 2297 1099 2362 lieitem
1129 2297 1259 2378 iaciunt,
1288 2294 1381 2361 elensi

257 2407 364 2468 temen
387 2403 522 2468 ordinari
545 2420 606 2466 non
629 2405 761 2487 possunt
783 2405 846 2483 sut,
870 2401 897 2465 si
920 2402 1053 2467 ordinati
1068 2401 1193 2482 tuen'nt,
1210 2401 1382 2478 deioiuntur,

213 2573 214 2576 ,
260 2505 432 2589 dequibus
456 2511 488 2571 et
509 2506 643 2571 Faustus
672 2506 834 2590 episeopus
863 2509 989 2570 sanetus
1012 2505 1044 2568 iu
1068 2505 1201 2588 epistula
1224 2523 1280 2569 sua
1301 2503 1382 2567 dicit:

260 2611 388 2675 Perdit
417 2611 578 2695 gretiam
607 2611 833 2690 consecrati,
867 2611 927 2692 qui
958 2609 1076 2674 adhue
1107 2609 1276 2674 osticium
1310 2607 1384 2671 uult

261 2733 432 2780 exarsere
455 2714 600 2779 meriti?

307 2817 424 2884 Utrum
452 2818 527 2882 isaeo
553 2815 656 2881 uerba
683 2816 728 2880 ael
750 2815 934 2905 epistulam,
958 2838 1002 2879 an
1019 2815 1132 2902 potius
1156 2815 1200 2879 ad
1221 2834 1385 2880 sermonen

259 2922 418 3009 quendam
434 2921 553 2986 Fausti
568 2931 716 3009 spectent,
737 2921 819 2985 milei
841 2920 968 3008 quidem
982 2921 1142 2985 incertum
1157 2931 1212 2985 est.
1235 2937 1384 2986 sermones

259 3026 344 3091 enim
373 3025 424 3090 hie
453 3025 525 3090 illio
553 3025 771 3112 epistularum
796 3025 922 3089 nomine
943 3025 1126 3112 sipniyioari
1152 3035 1289 3112 praeter
1320 3021 1385 3086 alia

254 3131 477 3217 praescriptio
506 3131 659 3194 sermonis
685 3129 841 3194 Faustini
865 3129 972 3216 primi
1002 3129 1037 3192 in
1064 3129 1170 3193 coeliae
1191 3125 1386 3193 Duriaesnsi

259 3235 302 3300 36
324 3235 450 3300 seruati
474 3234 658 3300 desummo
681 3245 726 3299 est
749 3233 808 3321 (ef.
820 3257 898 3322 pap.
915 3235 979 3298 223
1002 3233 1110 3297 adnot.
1135 3233 1180 3297 ad
1203 3233 1263 3300 lin.
1279 3233 1326 3314 3).
