2886 4928
239 413 300 478 112
620 415 656 470 Π.
676 416 720 469 De
737 415 858 485 spiritu
876 417 989 470 sancto

239 591 386 675 spiritum
402 593 631 658 demonstrauit
645 594 765 657 dicens:
790 594 905 658 nolita
921 593 1078 658 solliciti
1094 611 1189 672 esse,
1210 592 1362 675 qualiter

235 700 298 760 aut
327 697 413 779 quid
445 697 594 762 dicatis.
633 699 790 781 spiritus
822 698 918 762 enim
949 701 1102 762 sanctus
1133 683 1279 761 docebit
1302 714 1361 761 uos

233 801 268 864 in
293 800 360 864 illa
382 801 485 882 hora,
509 820 601 883 quae
624 806 796 885 oporteat
823 801 953 866 dicere.
992 801 1164 865 secundum
1194 801 1270 865 haec
1295 818 1361 883 ergo

234 905 376 985 quotiens
407 909 463 969 aut
485 906 629 988 spiritum
653 907 750 989 patris
778 909 834 970 aut
857 906 998 989 spiritum
1022 905 1072 970 dei
1099 904 1223 989 legeris,
1253 905 1361 988 specia-

194 1009 304 1072 sliter
334 1008 373 1072 ad
403 1010 547 1092 spiritum
578 1015 723 1074 sanctum
753 1030 822 1074 essa
851 1010 1049 1074 referendum
1078 1009 1217 1091 deposito
1243 1027 1360 1072 neccsse

233 1116 282 1176 est
305 1131 407 1178 errore
430 1115 568 1178 fatearis.
597 1115 672 1178 item
688 1115 796 1178 Esaias
812 1133 933 1197 quoque
951 1114 1095 1198 spiritum
1111 1117 1255 1177 sanctum
1270 1131 1360 1177 unum

232 1218 264 1281 in
292 1219 391 1302 gloria
417 1220 565 1284 trinitatis
589 1221 784 1301 adnumerat,
813 1221 936 1302 quando
960 1219 1048 1283 dicit:
1079 1218 1156 1282 uidi
1182 1218 1360 1282 dominum

233 1323 424 1388 sedentem
448 1342 557 1408 super
581 1325 714 1389 solium
739 1325 926 1388 excelsum
950 1327 986 1387 et
1001 1321 1195 1406 Seraphim
1218 1321 1362 1386 stabant

233 1429 270 1490 et
309 1427 524 1493 clamabant
562 1429 661 1493 alter
699 1429 741 1493 ad
781 1429 955 1493 alterum:
996 1431 1164 1507 sanctus,
1202 1429 1361 1506 sanctus,

182 1553 207 1592 ro
233 1535 386 1596 sauctus
417 1533 586 1598 dominus
616 1533 705 1597 deus
729 1532 899 1598 Sabaoth.
940 1537 971 1596 et
1002 1532 1035 1596 in
1057 1531 1259 1614 consequenti
1281 1529 1361 1594 dicit:

233 1639 268 1699 et
283 1636 411 1700 audiui
426 1655 553 1702 uocem
569 1638 707 1702 domini
731 1638 908 1710 dicentis:
939 1636 1030 1700 uade
1054 1639 1090 1699 ot
1112 1635 1211 1699 dices
1233 1635 1362 1718 populo

231 1739 329 1804 huic:
362 1741 492 1806 auditu
523 1743 683 1806 audietis
715 1745 750 1806 et
779 1760 849 1806 uon
877 1740 1111 1824 intellegatis
1136 1742 1171 1802 et
1195 1738 1362 1802 uidentes

231 1843 412 1908 uidebitis
436 1849 473 1910 et
495 1864 567 1910 non
590 1845 778 1910 uidebitis.
818 1845 868 1909 hic
891 1845 1034 1910 dominus
1058 1843 1204 1922 Sabaoth,
1236 1842 1289 1924 qui
1310 1861 1363 1925 par

231 1949 431 2032 adsumptam
454 1951 591 2032 speciem
615 1951 701 2015 uisus
732 1954 780 2014 est
801 1968 820 2014 a
842 1950 994 2032 propheta
1023 1949 1074 2012 uel
1100 1948 1153 2030 qui
1175 1948 1296 2012 locutus
1318 1951 1365 2012 ast

181 2075 204 2116 rs
231 2053 262 2116 in
285 2054 447 2136 propheta,
471 2057 540 2137 quis
563 2056 720 2136 fueritin
743 2055 863 2120 actibus
888 2053 1097 2138 apostolorum
1120 2053 1237 2116 Paulus
1264 2053 1365 2116 ostou-

232 2157 277 2220 dit
299 2157 419 2223 dicens:
443 2159 537 2224 hene
560 2160 719 2242 spiritus
735 2163 887 2224 sauctus
903 2159 1051 2223 locutus
1069 2161 1126 2222 est
1140 2175 1203 2240 per
1219 2155 1366 2220 Esaiam

230 2262 451 2345 prophetam
474 2264 518 2328 ad
540 2267 667 2348 patras
691 2268 853 2329 nostros:
885 2263 1015 2327 auditu
1046 2261 1208 2326 audiatis
1236 2263 1270 2324 at
1297 2277 1368 2324 non

231 2365 469 2452 intellegetis
494 2373 529 2433 et
551 2369 723 2433 uidentes
747 2367 928 2432 uidebitis
953 2371 988 2431 et
1010 2383 1082 2430 non
1104 2363 1294 2429 uidebitis.

276 2469 445 2536 Credamus
469 2474 574 2537 saltim
597 2473 693 2538 Paulo
716 2472 861 2556 praeconi
884 2470 1084 2535 celeberrimo
1107 2467 1260 2548 ueritatis,
1288 2469 1370 2550 quod

180 2596 205 2635 so
232 2579 358 2640 sanctus
390 2577 516 2660 spiritus
548 2577 643 2642 fuerit
673 2577 725 2641 ille
755 2577 899 2640 dominus
930 2575 1134 2653 exercituum,
1168 2591 1261 2654 quam
1282 2573 1371 2668 ¹uidit

232 2679 341 2744 lissiae
367 2682 473 2763 etqui
496 2681 617 2747 locutus
646 2685 693 2746 est
723 2699 778 2764 per
800 2680 935 2744 Esaiam.
975 2679 1029 2744 aad
1057 2679 1129 2760 quia
1152 2677 1234 2740 trina
1256 2677 1372 2760 repeti·

231 2783 313 2848 tione
329 2785 484 2868 persultat
499 2789 635 2867 sanctus,
659 2789 796 2866 sanctus,
821 2787 958 2865 sanctus,
980 2783 1183 2847 uideamusuo
1203 2780 1256 2844 hic
1271 2781 1372 2845 honor

231 2889 269 2952 ad
292 2892 392 2954 totam
408 2891 555 2974 respiciat
570 2891 752 2955 trinitatem.
790 2890 898 2954 Esaias
914 2907 986 2954 oum
1009 2887 1095 2952 dicit:
1120 2885 1182 2950 uidi
1204 2885 1372 2950 dominum

231 2990 377 3076 Sabaoth,
398 2999 519 3078 patrem
539 2995 661 3059 Iudaeis
682 2994 861 3079 agnoscitur
879 2993 1067 3076 praedicare.
1095 2990 1251 3055 Iohannes
1273 3008 1373 3054 euan-

179 3118 204 3158 ss
232 3098 346 3180 gelista
369 3104 475 3182 aperto
498 3099 598 3164 filium
621 3099 770 3183 probatur
793 3098 935 3163 adserere
957 3099 1001 3162 ita
1024 3097 1143 3161 docus:
1169 3097 1375 3178 propterea

231 3219 300 3266 non
324 3207 500 3287 poterant
522 3206 672 3268 credere
695 3205 732 3269 in
755 3203 893 3285 Iesum,
917 3203 1003 3285 quia
1025 3201 1118 3266 dixit
1139 3199 1287 3264 Esaias:
1318 3217 1376 3263 ex-

231 3309 402 3373 caecauit
431 3310 557 3374 oculos
589 3327 712 3374 eorum
743 3313 779 3373 at
808 3307 1010 3373 obdureuit
1036 3325 1096 3372 cor
1119 3324 1253 3371 eorum.
1295 3305 1376 3369 haec

335 3482 361 3550 1]
379 3482 442 3536 Luc.
458 3485 497 3547 12,
513 3485 552 3538 11.
616 3483 645 3552 7]
665 3482 772 3546 lacit,
788 3485 810 3537 1.
875 3481 918 3550 11]
937 3480 1006 3535 Esai.
1019 3483 1043 3544 6,
1056 3483 1080 3536 8.
1136 3479 1180 3548 16]
1198 3477 1258 3532 Act
1271 3480 1319 3543 28,
1332 3479 1375 3532 35.

230 3569 275 3638 25]
294 3569 385 3624 lcauu.
401 3573 440 3635 12,
454 3572 494 3626 39.

276 3737 457 3805 lquotiesV
507 3737 630 3806 legitisv
683 3739 820 3804 dquoque
839 3734 917 3788 isaias
930 3735 957 3789 P
1007 3735 1200 3788 lunuumerat
1211 3733 1246 3800 P,
1264 3747 1377 3785 aunun-

230 3825 378 3879 tiausrata
430 3824 653 3892 SexcellisumV
705 3826 736 3878 12
755 3822 909 3891 intellegitis
925 3823 951 3877 V
1002 3823 1034 3877 14
1052 3820 1257 3888 assumptamP
1312 3833 1377 3888 pro·

228 3905 317 4007 phetis
341 3939 369 3992 P
389 3940 416 4006 (a
438 3956 509 3994 mora.
531 3939 591 4006 alt.)
665 3937 710 4006 qui
733 3954 783 3993 cm.
805 3936 833 3990 P
907 3939 938 3990 15
964 3932 1076 4003 Pardus]
1104 3931 1238 4002 apostolus
1265 3931 1338 3986 add.
1362 3947 1380 3984 c

231 4027 263 4080 16
280 4041 328 4094 par
345 4025 439 4080 isaiam
457 4025 616 4095 prophetam
634 4024 739 4078 locutus
758 4025 838 4078 astP
890 4025 922 4078 18
934 4020 1132 4090 intellegitisV
1183 4022 1215 4076 19
1233 4017 1337 4072 saltem
1352 4016 1382 4070 P

229 4113 335 4180 praeoni
354 4113 387 4180 P,
405 4113 522 4181 proconii
538 4113 564 4167 V
615 4112 677 4179 quia
693 4113 721 4166 P
770 4113 805 4166 20
823 4109 933 4180 spiritus
951 4108 1098 4163 sanctusP
1148 4107 1198 4162 dds
1214 4107 1244 4176 V,
1263 4105 1337 4158 daus
1352 4103 1380 4156 P

230 4202 261 4254 21
287 4200 366 4254 isaias
389 4201 416 4254 P
485 4199 577 4253 isaiam
602 4201 629 4254 P
701 4201 736 4254 22
757 4199 882 4268 persistat
905 4198 933 4251 P
1000 4198 1100 4260 sancto,
1123 4198 1222 4259 sancto,
1240 4197 1380 4246 muetos

230 4285 366 4340 uideamus
390 4303 495 4341 cuneo
527 4332 532 4341 .
565 4288 599 4342 23
623 4286 656 4340 ud
679 4289 762 4340 totam
787 4303 838 4341 om.
857 4285 885 4338 P
953 4283 1031 4337 isaias
1054 4283 1082 4337 P
1150 4285 1184 4338 25
1205 4295 1327 4335 asserere
1353 4277 1381 4330 P

230 4375 264 4426 26
283 4373 361 4426 isaias
379 4374 406 4426 P
