2920 4928
268 367 344 423 LXII
682 341 686 358 ¹
715 368 957 437 Prolegomena.

268 545 472 610 adiudicatus.
495 546 528 609 in
545 545 649 609 codice
666 544 954 611 Cheltcnhamiensi
971 544 1056 609 8400
1073 565 1152 610 saec.
1170 545 1247 610 VIII
1268 546 1312 629 (n.
1335 544 1405 628 102)

268 650 364 715 Leoni
380 651 547 734 inscriptus
565 653 623 730 est,
640 651 800 733 scriptoris
816 670 930 716 nomen
948 669 1021 734 praa
1038 670 1072 715 se
1088 669 1149 714 non
1166 651 1228 714 fert
1249 651 1281 714 in
1305 651 1406 715 codice

267 754 518 838 Cantabrigicnsi
536 754 725 837 (Pembroke
743 755 883 840 Collega)
899 773 980 820 saec.
997 756 1026 819 X
1050 754 1093 837 (n.
1112 753 1166 839 83)
1190 773 1209 819 a
1231 755 1323 820 nobis
1340 773 1406 838 pas·

268 860 328 922 sim
344 859 480 923 laudato.
511 859 607 923 solius
624 860 737 924 codicis
753 859 889 924 Palatini
906 860 1090 924 auctoritate
1106 859 1216 924 adduci
1232 877 1294 924 non
1310 859 1404 942 potui,

268 967 303 1026 ut
320 983 392 1026 eum
407 964 490 1027 inter
506 981 666 1028 sermones
683 964 868 1028 Faustianos
884 964 1065 1048 reciperem,
1081 981 1273 1047 quamquam
1288 964 1406 1046 aliquot

267 1069 419 1134 sermonis
443 1069 526 1132 locos
550 1069 589 1132 ad
612 1069 765 1133 Faustum
787 1069 887 1134 redire
910 1088 972 1134 non
995 1070 1113 1153 ignoro.

309 1171 417 1255 Neque
434 1191 620 1255 sermonem,
637 1175 690 1256 qui
705 1174 788 1237 huno
803 1173 918 1257 excipit
933 1175 965 1238 in
981 1173 1084 1238 codice
1100 1173 1244 1238 Palatino
1264 1173 1318 1237 lol.
1336 1171 1403 1235 66⁸:

266 1328 340 1391 item
367 1326 576 1391 ciuedcm'dc
597 1327 708 1392 natale
733 1311 800 1392 diii.
823 1327 949 1392 actalia
973 1309 1032 1391 ddi·
1055 1327 1092 1391 di
1114 1329 1147 1411 (i.
1164 1349 1190 1394 e.
1209 1327 1291 1414 dieo)
1309 1351 1346 1392 ec
1368 1327 1402 1390 dc

266 1453 368 1494 caasa
394 1455 416 1496 a
438 1431 572 1518 patrib;
601 1433 727 1496 actiaci
757 1435 839 1518 (lege
866 1434 1015 1517 ceticae)
1046 1431 1282 1518 solempnitatis
1312 1433 1401 1496 icat-i·

267 1547 357 1600 tatae
380 1545 405 1614 a,
436 1538 544 1602 Fausti
576 1557 644 1603 esse
668 1537 745 1602 mihi
772 1557 855 1603 nunc
882 1557 1068 1622 persuasum
1096 1543 1153 1603 cst.
1193 1542 1294 1603 exstat
1321 1540 1401 1602 enirn

266 1644 315 1707 hic
346 1662 458 1724 sermo,
489 1644 527 1707 de
558 1663 618 1726 quo
649 1645 722 1708 olim
753 1645 784 1708 in
816 1645 928 1708 studiis
960 1645 997 1708 de
1021 1643 1129 1708 Fausti
1161 1645 1285 1726 scriptis
1316 1664 1345 1727 p.
1364 1641 1402 1703 9ss

266 1748 381 1812 certius
396 1748 543 1812 iudicium
559 1749 639 1811 ferre
662 1748 739 1812 mihi
763 1767 824 1812 non
847 1749 945 1828 licuit,
972 1749 1055 1830 quod
1077 1749 1194 1812 frustra
1217 1767 1288 1812 eum
1311 1765 1403 1829 quae-

175 1905 177 1909 .
266 1853 326 1916 siui
356 1853 388 1916 in
411 1853 513 1916 Initiis
543 1852 694 1917 librorum
721 1857 848 1936 patrum
877 1853 1057 1932 latinorum,
1087 1853 1119 1916 in
1142 1852 1233 1916 Pauli
1256 1851 1400 1916 Winlridi

266 1957 386 2021 diaconi
402 1957 577 2021 homiliario
599 1957 739 2040 (homilia
755 1957 792 2020 de
808 1961 947 2040 tempore
963 1957 1080 2041 ΧΧΠ),
1101 1955 1154 2020 ubi
1170 1975 1207 2038 eu
1223 1960 1330 2020 sancte
1347 1956 1403 2018 Isi-

266 2062 339 2126 doro
352 2081 424 2124 eum
437 2061 657 2144 depromptum
674 2081 742 2126 esse
759 2062 883 2125 additur
899 2059 1156 2144 (Migne‚Patrcl.
1166 2061 1220 2124 lat.
1230 2059 1400 2123 LXXXXl'

269 2167 374 2249 1167).
399 2167 509 2231 Isidori
533 2184 648 2231 nomen
670 2184 745 2248 prae
769 2185 802 2229 se
826 2165 897 2245 fert,
921 2169 955 2230 ul
980 2164 1120 2246 exemplo
1144 2167 1225 2244 utar,
1253 2164 1347 2228 etiam
1373 2162 1401 2225 in

266 2272 368 2336 codiee
402 2271 608 2336 bibliothecae
642 2269 827 2334 cathedralis
862 2267 1029 2353 Uigorniae
1064 2267 1270 2350 (worcester)
1305 2287 1335 2331 n.
1363 2264 1402 2328 92

265 2395 346 2440 saec.
363 2375 409 2440 XI
440 2376 556 2458 (sermo
578 2375 654 2459 ΧΠ)
686 2393 787 2456 neque
817 2391 1020 2455 quemquam,
1052 2372 1103 2453 qui
1134 2373 1271 2454 genuina
1297 2371 1401 2434 Fausti

265 2499 359 2563 opera
381 2481 513 2560 nouerit,
535 2481 618 2543 hunc
641 2481 811 2542 tractatum
834 2477 936 2561 potius
958 2495 1051 2560 quam
1068 2494 1244 2540 sermonem
1261 2475 1402 2558 episcopo

264 2585 389 2648 Reiensi
412 2584 643 2648 uindicaturum
666 2602 734 2647 csse
757 2586 842 2665 puto.

308 2689 394 2769 Quae
422 2707 493 2752 cum
520 2688 564 2752 ita
591 2689 663 2766 sint,
690 2687 812 2750 nullam
838 2685 931 2750 fidem
961 2689 1099 2749 meretur
1126 2683 1221 2748 codex
1244 2683 1401 2747 Palatinus

265 2814 295 2858 n.
311 2791 376 2856 220
405 2793 438 2856 in
469 2792 630 2856 seruandis
659 2791 802 2875 genuinis
833 2789 1030 2854 sermonibus
1054 2789 1232 2852 Faustianis
1260 2793 1292 2852 et
1319 2806 1400 2850 com-

264 2897 413 2981 probatur
445 2897 556 2980 prioris
591 2895 744 2960 sermonis
779 2895 869 2958 titulo
904 2892 994 2955 dicta
1026 2889 1072 2954 e‘di
1096 2889 1250 2976 faustini
1280 2897 1399 2954 exstare

265 3003 363 3085 priore
387 3005 468 3064 certe
491 3002 558 3064 loeo
582 3018 643 3065 non
672 3017 849 3064 sermonem
873 2997 978 3062 Fausti
1002 2997 1116 3079 ipsum,
1144 2996 1198 3060 sed
1226 3013 1398 3060 sermonem

264 3107 477 3170 nesciocuius
502 3125 517 3167 e
541 3104 648 3168 Fausti
671 3104 761 3167 dictis
785 3103 835 3167 uel
860 3103 984 3186 seriptis
1008 3103 1222 3184 compositum.

307 3211 354 3273 De
371 3211 437 3273 aliis
454 3208 642 3290 quibusdam
659 3207 854 3272 sermonibus
871 3208 987 3270 Fausto
1003 3206 1158 3270 immerito
1174 3224 1192 3269 a
1208 3205 1283 3268 uiris
1304 3204 1398 3268 doctis

265 3315 430 3397 assignatis
454 3313 653 3377 conferantur
676 3312 780 3376 studia
803 3315 911 3375 nostra
932 3330 961 3394 p.
978 3309 1028 3374 89.
1046 3309 1097 3374 92.
1115 3308 1166 3374 94.
1183 3309 1234 3373 95.

498 3600 533 3664 F.
558 3597 713 3664 FAUSTI
736 3599 791 3663 DF
814 3595 1007 3662 RATIONE
1031 3595 1163 3680 FIDFI.

175 3859 177 3864 ¹
307 3784 406 3848 Fortu
422 3783 530 3846 Fausti
553 3783 645 3846 huius
669 3780 838 3845 uoluminis
862 3781 925 3844 iam
949 3780 1032 3863 typis
1053 3797 1197 3862 expresso
1218 3797 1268 3842 mc
1289 3777 1398 3842 melius

264 3890 421 3953 facturum
443 3887 541 3951 luisse
565 3885 665 3966 uideo,
689 3887 715 3948 si
739 3885 846 3948 Fausti
869 3885 1012 3948 libellum
1036 3884 1073 3947 de
1095 3884 1213 3948 ratione
1236 3883 1306 3946 fidei
1329 3883 1398 3945 huic

264 3993 414 4057 uolumini
443 3991 644 4054 inseruissem
673 3993 705 4052 et
731 4006 826 4052 urnam
849 3987 1116 4053 Pseudo-Eusebii
1139 3986 1274 4072 (Fausti)
1301 3987 1398 4050 horni-

264 4098 377 4161 liarum
401 4095 625 4173 collectionem,
653 4111 724 4157 cum
748 4111 810 4174 qua
832 4096 1000 4157 tractatum
1029 4093 1117 4155 illum
1142 4110 1198 4155 sen
1220 4093 1323 4174 potius
1346 4091 1399 4153 hc-

265 4201 384 4265 miliam
400 4201 437 4263 de
453 4197 594 4278 symtclo
610 4216 629 4261 a
645 4197 792 4280 Casperio
813 4197 928 4261 editam
953 4198 1116 4260 cohaerere
1139 4214 1233 4279 supra
1253 4195 1398 4278 suspicati

264 4323 373 4368 sumus
386 4303 428 4386 (p.
438 4303 585 4385 XXXII),
598 4303 688 4366 alteri
698 4302 851 4366 uolumini
864 4302 1107 4365 reseruauissem
1120 4300 1171 4382 (cf.
1182 4300 1264 4364 infra
1274 4319 1303 4382 p.
1314 4297 1396 4380 alal:
