2920 4928
525 425 765 494 Prolegomcna.
1110 425 1211 478 LXVII

77 621 136 682 per
156 621 255 684 picam
276 621 333 662 aec
355 598 401 662 ad
412 599 623 684 paradisum,
646 621 711 662 acre
727 599 835 662 dicam
858 599 908 662 ad
930 598 1113 662 consiliam
1127 600 1211 684 qais-

80 725 173 788 paam
195 705 247 767 ire
271 703 438 782 desideret,
467 723 545 787 quae
573 705 670 770 uerba
696 723 758 770 non
786 706 822 769 de
845 705 963 768 Ruricii
991 705 1095 769 exsilio
1122 705 1212 769 intel-

79 808 210 892 legenda
237 829 305 874 esse
332 810 409 874 mihi
436 828 621 891 persuasum
650 813 706 890 est,
738 810 920 892 praesertim
949 828 1020 873 curn
1044 809 1128 873 nullo
1152 809 1212 872 alio

80 913 142 978 loco
165 914 311 978 Ruricius
334 915 432 978 exsilii
455 915 648 980 mentionem
671 915 775 978 faciat.

120 1018 251 1082 Infirma
274 1021 368 1100 atque
390 1037 485 1102 aegra
506 1019 683 1083 ualetudine
707 1038 781 1084 usus
806 1022 854 1082 est
874 1019 1028 1099 Ruricius
1055 1019 1143 1082 cuius
1167 1019 1213 1081 in-

81 1121 260 1186 firmitatem
284 1141 355 1187 eum
378 1141 440 1188 non
463 1123 691 1206 compatientis,
716 1123 770 1187 sed
792 1123 975 1207 perferentis
999 1123 1103 1188 dolore
1118 1123 1214 1204 parti-

81 1227 196 1310 ciparet
219 1227 382 1292 Rufrasius
406 1229 567 1311 episcopus
591 1227 634 1312 (p.
651 1225 725 1308 448,
742 1225 786 1310 8),
809 1229 931 1292 litteras
955 1227 1040 1291 dedit
1063 1226 1101 1290 ad
1124 1226 1212 1290 illurn

81 1329 187 1394 1122.
228 1331 331 1395 hieme
361 1331 436 1396 dicit
466 1351 499 1396 se
530 1352 598 1396 esse
628 1333 787 1397 fortiorem
817 1332 917 1412 solito,
949 1331 1075 1396 aestiuis
1106 1330 1213 1394 diebus

82 1436 172 1499 etiarn
195 1437 228 1500 in
251 1436 384 1518 hospitio
407 1455 463 1500 suo
486 1441 518 1500 et
539 1437 615 1500 locis
638 1437 758 1520 frigidis
781 1437 884 1519 ipsam
911 1435 1213 1500 consuetudinariam

82 1539 293 1604 infirmitatem
323 1544 500 1605 sustentare
530 1541 580 1604 uix
612 1533 715 1604 ualere
746 1539 788 1624 (p.
808 1539 883 1620 417,
901 1537 965 1622 14).
1010 1557 1090 1621 quae
1120 1557 1216 1602 causa

83 1643 147 1723 fuit,
179 1644 261 1726 quod
292 1645 413 1708 muneri
444 1645 610 1728 episcopali
637 1645 719 1708 haud
748 1663 817 1708 raro
845 1644 987 1708 sufficere
1016 1662 1077 1707 non
1104 1643 1213 1726 potuit.

84 1765 160 1812 auno
189 1749 273 1812 euim
300 1747 365 1812 506
397 1746 471 1832 (aab
500 1747 530 1810 d.
552 1747 609 1810 HI
631 1747 711 1810 ldae
740 1745 936 1832 Septembris
963 1745 1108 1810 Messala
1135 1767 1168 1808 a.
1189 1767 1213 1808 c.

84 1849 219 1928 emsale,
243 1851 707 1936 ef.Conc..Gall.ooll.1795)
731 1852 875 1917 Caesario
899 1852 1077 1916 Arelatensi
1100 1851 1216 1935 praesi-

85 1955 173 2018 dente
189 1957 355 2020 concilinm
370 1956 552 2042 Agathense
568 1957 711 2021 habitum
735 1961 792 2038 est,
817 1961 857 2038 et,
881 1974 1073 2039 quamquam
1095 1955 1214 2040 pridem

83 2059 141 2124 iam
165 2063 310 2125 sanctum
335 2067 411 2142 crat,
440 2066 485 2143 ut,
508 2061 539 2124 si
561 2061 634 2146 quis
657 2061 865 2124 commonitas
888 2059 1092 2142 infirmitatis
1115 2081 1215 2122 cauea

83 2159 234 2246 defuerit,
247 2185 422 2250 perreriam
436 2165 508 2228 uice
523 2187 586 2228 aaa
602 2164 725 2251 diriyat
743 2166 795 2250 (cf.
813 2165 906 2230 Ocno.
920 2165 1001 2230 Gall.
1014 2165 1083 2230 coll.
1097 2165 1112 2228 Ι
1128 2163 1216 2248 562),

82 2265 223 2332 Ruricius
247 2288 347 2352 neque
374 2271 462 2334 uenit
492 2289 591 2352 neque
621 2275 855 2353 procuratorem
886 2270 981 2350 misit,
1012 2269 1066 2332 sed
1096 2269 1216 2332 litteras

82 2375 202 2436 tantum
233 2393 288 2457 per
318 2373 483 2438 diaconum
506 2375 579 2440 Ueri
610 2375 746 2457 episcopi
759 2373 781 2457 ¹)
809 2374 956 2458 Agathou
988 2373 1106 2454 direxit,
1138 2391 1216 2455 quas

83 2493 142 2540 non
164 2477 282 2561 recepit
305 2477 479 2559 Caesarine,
507 2483 541 2544 ut
569 2479 677 2543 scribit
703 2479 735 2542 in
759 2479 893 2561 epistula
920 2479 957 2541 de
980 2477 1039 2542 hac
1061 2495 1156 2542 causa
1178 2477 1216 2541 ad

82 2577 242 2645 Ruricium
272 2583 345 2646 data
374 2582 418 2666 (p.
438 2580 513 2663 448,
533 2581 600 2668 20).
645 2583 788 2647 Ruricius
819 2601 872 2647 cur
902 2583 941 2646 ad
972 2582 1124 2665 synodum
1155 2598 1216 2646 non

83 2685 229 2766 uenisset,
260 2687 402 2770 exposuit
432 2706 479 2769 ep.
496 2687 528 2751 ll
551 2686 593 2750 33
624 2687 730 2752 dicens
760 2687 870 2751 fecisse
901 2687 959 2750 hoe
989 2685 1217 2766 infirmitatem,

83 2805 143 2853 uon
167 2790 363 2855 uoluntatem
386 2790 428 2874 (p.
445 2789 519 2872 417,
539 2789 602 2874 12).

124 2893 161 2958 In
184 2895 294 2960 eadem
318 2893 454 2960 Caesarii
477 2896 610 2978 epistula
637 2897 746 2978 synodi
769 2895 941 2960 Tolosanae
969 2895 1108 2977 proximo
1135 2911 1217 2958 anuo

81 2995 142 3060 507
175 2998 337 3064 habendae
366 2999 484 3064 mentio
512 2999 563 3064 fit:
597 2997 707 3062 indico
733 2999 854 3084 pietati
884 3007 1023 3073 uestrae,
1057 3007 1104 3073 at,
1139 2997 1218 3082 qaia

75 3099 171 3182 filius
193 3111 301 3166 aester
323 3101 513 3180 Eadomiae,
536 3102 566 3165 oi
584 3103 741 3188 potuerit,
766 3103 823 3166 iioc
845 3100 1016 3166 elaborare
1044 3099 1218 3177 desiderat,

82 3215 109 3266 et
136 3207 442 3292 superueniente
470 3227 570 3269 anno
598 3205 713 3270 Tolosa
735 3205 892 3292 synodum
918 3203 1045 3270 Christo
1068 3205 1218 3290 propitio

82 3307 265 3388 habeamus,
296 3309 483 3388 ebidiam,
513 3311 543 3374 si
565 3311 723 3396 potuerit,
755 3309 923 3396 Hispanos
951 3307 1028 3372 uait
1055 3309 1219 3395 episcopos

81 3415 263 3480 maerim.
295 3415 475 3497 Eudemus,
498 3417 579 3499 quod
603 3417 763 3500 episcopos
786 3419 1030 3500 congregaturus
1055 3419 1131 3496 crat,
1156 3415 1219 3498 epi-

82 3536 196 3604 scopus
210 3521 276 3604 ipse
292 3521 386 3586 fuerit
401 3539 528 3586 necesse
552 3525 613 3596 est3
637 3521 691 3586 sed
715 3521 891 3586 mirandum
915 3525 973 3600 est,
997 3521 1078 3602 quod
1100 3521 1132 3584 in
1155 3519 1220 3602 epi-

82 3625 165 3689 stula
198 3625 234 3688 ad
257 3623 419 3690 Ruricium
450 3625 524 3690 data
545 3623 643 3706 filiae
673 3633 781 3688 aester
808 3625 991 3708 appellatur,
1021 3641 1117 3707 quare
1144 3624 1220 3688 scri·

83 3727 222 3794 bendum
245 3749 315 3794 esse
329 3727 428 3810 filiae
450 3738 559 3792 rosta
581 3730 775 3810 coniecerim,
799 3728 912 3812 quibus
935 3728 1038 3792 uerbis
1062 3729 1152 3793 facile
1176 3729 1220 3791 uti

83 3837 208 3916 poterat
234 3833 397 3900 Caesarius
425 3835 587 3918 episcopus
616 3834 882 3917 metropolitanus.
930 3853 968 3897 no
996 3833 1068 3898 huic
1095 3833 1220 3915 quidem

82 3937 215 4004 concilio
236 3939 378 4004 interfuit
395 3938 550 4019 Ruricius,
574 3957 647 4002 narn
663 3939 795 4004 Sedulus
818 3939 981 4020 episcopus
996 3937 1220 4002 Nemausensis

83 4045 111 4108 in
143 4043 280 4126 epistula
310 4043 350 4107 ad
373 4043 533 4108 Ruricium
562 4044 635 4108 data
665 4043 742 4108 haec
772 4043 846 4106 dicit
876 4041 918 4124 (p.
939 4039 1013 4121 446,
1030 4039 1101 4125 20);
1131 4039 1221 4102 aehe-

126 4291 146 4358 ¹)
166 4289 228 4344 Leo
245 4287 377 4344 diaconas
394 4287 492 4342 miseros
510 4303 529 4340 a
546 4286 656 4341 domine
674 4301 730 4340 meo
753 4285 821 4340 Uero
839 4286 964 4354 episeopo
985 4283 1136 4338 Turonium
1153 4283 1221 4340 ciui·

84 4379 157 4446 mie,
175 4375 213 4430 cf.
228 4371 305 4430 Cone.
319 4372 487 4430 deflectit
505 4375 562 4430 798.
