2920 4928
187 405 253 461 VIII
632 406 873 476 Prolegomena.

185 579 363 658 urbanis,
386 583 473 646 uelut
496 583 555 646 alio
575 583 641 646 loco
662 583 701 646 ad
721 581 873 646 Faustum
893 581 1031 646 scribens
1053 582 1224 664 palaestrae
1245 598 1319 643 uoce

185 687 282 748 utitur
298 686 351 766 ita,
373 692 409 749 ut
425 686 461 749 de
478 687 592 750 scholis
607 686 828 768 philosophicis
846 685 942 769 accipi
963 688 1106 767 nequeat,
1126 706 1156 768 p.
1175 681 1248 764 151,
1264 681 1318 746 at:

180 809 315 872 precium
335 789 464 874 peritus
487 787 733 867 insulanarum,
761 811 843 874 quus
867 788 905 852 de
922 787 1133 874 palaestra
1156 809 1320 873 conprepu-

185 892 282 954 tionis
306 893 505 956 heremitidis
529 903 558 956 et
582 893 619 956 de
641 903 758 957 senatu
779 893 1002 956 Lirinensium
1024 891 1262 956 cellulanorum
1285 891 1319 954 in

184 977 294 1058 arrhene
310 1018 440 1082 quoque,
453 997 548 1060 cuius
564 997 712 1061 ecclesiae
728 1019 824 1060 sacru
839 997 1088 1084 superinspicis,
1107 995 1319 1059 transtulisti.

228 1101 357 1182 Quando
376 1103 511 1167 Faustus
536 1104 573 1167 ad
596 1104 821 1168 monasterium
844 1104 1012 1168 Leriuense
1036 1102 1210 1182 accesserit,
1233 1103 1319 1184 igno-

185 1223 300 1285 ramus,
325 1206 379 1270 sed
402 1207 465 1270 iam
487 1207 679 1290 temporibus
699 1207 852 1272 Honorati
873 1207 1046 1272 fundatoris
1066 1210 1097 1270 et
1115 1205 1209 1289 primi
1227 1205 1319 1268 huius

185 1308 323 1374 coenobii
346 1329 444 1392 usque
471 1311 510 1375 ad
534 1330 651 1376 annum
674 1310 738 1374 426
766 1312 899 1392 abbatis,
931 1330 991 1394 quo
1019 1329 1100 1376 anno
1128 1312 1154 1374 is
1176 1310 1319 1374 Patroclo

184 1412 362 1478 Arelatensi
393 1415 537 1498 episcopo
569 1417 668 1481 occiso
702 1415 754 1498 (cf.
783 1417 928 1499 Prosperi
958 1417 1123 1480 chronicon
1154 1416 1192 1479 ad
1222 1415 1253 1478 h.
1278 1414 1320 1497 a.)

185 1519 344 1598 successit,
376 1519 481 1583 Lerini
512 1539 583 1583 eum
614 1520 736 1603 degisse
767 1521 825 1584 alio
853 1521 919 1584 loco
948 1520 1146 1603 exposuimus
1177 1517 1318 1602 (Studien

184 1621 260 1684 ther
292 1623 339 1686 die
371 1622 528 1687 Schriften
559 1625 613 1687 des
644 1624 803 1690 Bisthofes
835 1643 895 1688 von
925 1625 992 1689 Reii
1023 1624 1174 1705 Faustus,
1204 1623 1320 1688 Vindo-

184 1724 283 1790 bonae
309 1724 401 1808 1889,
425 1747 454 1810 p.
473 1727 537 1812 73).
567 1729 664 1792 fuisse
688 1729 771 1792 enim
795 1729 944 1793 Faustum
969 1729 1136 1793 admodum
1163 1729 1319 1808 iuuenem,

184 1849 256 1893 oum
284 1830 431 1895 Lerinunr
463 1851 496 1895 se
525 1833 666 1912 contulit,
698 1853 733 1896 ex
764 1834 829 1896 eius
859 1834 981 1897 dicendi
1011 1853 1124 1918 genere
1155 1833 1318 1915 colligitur,

183 1934 265 2016 qnod
294 1935 376 2017 sapit
399 1935 538 2000 scholam
563 1938 828 2018 monasterialem,
857 1941 892 2000 ut
918 1941 1027 2020 postea
1053 1938 1152 2002 fusius
1176 1937 1320 2019 explana·

183 2037 298 2102 bimus.
343 2041 394 2120 qui
429 2040 589 2104 Honorato
623 2041 727 2104 Lerini
762 2042 912 2105 successit
946 2061 970 2106 s.
998 2041 1164 2122 Maximus,
1199 2043 1317 2123 septem

182 2143 291 2224 plenos
315 2161 413 2207 annos
438 2143 583 2208 abbatem
608 2145 705 2208 tuisse
729 2144 841 2228 (usque
862 2146 901 2209 ad
922 2163 1038 2210 annum
1059 2144 1137 2229 433)
1156 2145 1223 2229 ipse
1239 2144 1319 2208 Fau-

183 2249 249 2310 stus
273 2247 304 2310 in
328 2248 457 2311 homilia
479 2249 516 2311 de
540 2268 564 2312 s.
586 2248 724 2313 Maximo
746 2249 871 2313 Reiensi
894 2250 1000 2314 habita
1024 2248 1118 2332 (Bibl.
1134 2249 1218 2313 Patr.
1236 2248 1318 2312 Max.

183 2350 281 2434 Lugd.
295 2351 340 2415 VI
352 2350 429 2434 655)
446 2353 547 2432 tradit,
564 2353 739 2416 Maximum
756 2357 861 2418 autem
877 2354 916 2417 ad
929 2355 1141 2436 episcopatum
1153 2353 1318 2418 Reiensem

182 2460 364 2538 prouectum
378 2457 529 2520 Faustum
543 2458 699 2540 excepisse
713 2455 856 2523 Sidonius
870 2459 943 2522 dicit
955 2459 987 2522 in
1003 2459 1140 2522 carmine
1153 2458 1228 2522 XVI
1243 2455 1318 2518 112:

692 2613 805 2699 fuerit
827 2614 899 2698 quis
924 2613 1090 2676 Muuirnus
1114 2612 1182 2690 ille,

226 2714 337 2779 urbem
359 2716 415 2798 (sc.
433 2717 549 2802 Reios)
564 2727 600 2779 tu
623 2717 679 2799 (sc.
701 2719 831 2802 Fausto)
854 2717 948 2780 cuius
971 2719 1197 2802 naonurhosque
1221 2717 1277 2800 (sc.

633 2823 832 2906 Lerinenses)
856 2823 989 2886 antistes
1012 2832 1041 2885 et
1064 2821 1164 2884 allus

227 2923 275 2987 his
298 2946 460 2988 successor
482 2925 564 3011 apis.

183 3083 287 3164 itaque
304 3100 331 3146 a.
342 3081 406 3145 433
424 3083 575 3147 Faustum
594 3083 739 3148 alrlratem
758 3085 960 3148 lerinensem
973 3085 1092 3148 tectum
1105 3103 1172 3147 esse
1185 3086 1317 3148 constat.

225 3187 374 3250 Plurimis
403 3187 541 3251 eiusdem
573 3189 718 3252 carminis
748 3187 905 3252 Sidoniani
934 3189 1008 3252 locis
1036 3188 1187 3252 Faustum
1215 3187 1320 3251 Lerini

184 3309 307 3355 summa
333 3292 365 3356 in
389 3311 422 3356 se
447 3293 627 3356 austeritate
651 3293 748 3356 luisse
773 3293 946 3372 edocemur,
974 3311 1066 3373 qnam
1095 3293 1202 3376 magni
1226 3291 1320 3356 aesti-

185 3399 302 3458 matam
332 3415 400 3459 esse
431 3397 470 3460 ab
500 3396 682 3478 aequalibus
713 3397 783 3463 inde
815 3397 1034 3480 perspicimus,
1069 3398 1149 3478 quod
1179 3396 1318 3462 Hilarius

184 3499 344 3582 episcopus
368 3498 572 3580 Arelatensis,
600 3519 670 3564 cum
695 3501 843 3564 Lerinum
871 3500 1010 3564 uenisset
1032 3501 1070 3565 ad
1093 3522 1117 3566 s.
1135 3501 1319 3583 Caprasium

184 3605 284 3666 aetate
311 3605 489 3667 confectum
512 3605 686 3686 uisendum,
713 3603 872 3666 Faustum
890 3602 1114 3690 presbyterum
1133 3605 1267 3690 puriter
1289 3613 1319 3666 et

183 3703 328 3768 abbatem
348 3705 396 3768 itu
417 3707 603 3783 honorauit,
626 3718 663 3770 ut
684 3709 771 3770 inter
791 3730 823 3772 se
843 3717 872 3770 et
887 3719 1011 3772 sanctos
1026 3709 1204 3772 sacerdotes
1224 3707 1319 3772 Theo-

185 3808 299 3872 dorum
327 3810 520 3894 (episcopum
550 3813 830 3898 ForoiuliensomP)
858 3822 886 3876 et
914 3813 1096 3878 Maninun
1124 3814 1318 3898 (episcopum

182 3914 361 3998 Reiensem)
391 3913 531 3978 medium
559 3914 752 4000 compulerit
780 3917 922 3982 residere
950 3920 1029 4004 (uita
1055 3938 1080 3982 e.
1101 3919 1213 3984 Hilarii
1239 3937 1264 3982 c.
1286 3916 1319 3998 9,

182 4018 301 4102 hligne,
323 4018 407 4082 Patr.
424 4020 477 4083 lat.
495 4020 520 4083 L
546 4017 653 4104 1230).

225 4123 302 4187 Post
325 4141 442 4187 annum
465 4121 541 4205 449,
568 4143 629 4206 qno
652 4125 771 4190 Hilario
799 4130 920 4192 mortno
947 4127 1127 4193 &nennius
1155 4128 1318 4211 episcopus

182 4224 376 4292 Arelatensis
407 4229 507 4292 factus
539 4232 596 4310 est,
631 4234 662 4293 et
693 4235 765 4296 ante
798 4250 915 4296 annum
945 4230 1023 4313 462,
1058 4251 1118 4315 quc
1151 4233 1318 4298 Leontium

183 4329 335 4395 ltauennii
359 4351 569 4398 successorem
593 4333 657 4398 iarn
681 4336 861 4419 episcopum
881 4337 1101 4402 Arelatensem
1125 4339 1222 4402 fuisse
1245 4357 1320 4404 con-
