2954 4930
426 448 653 518 Epistularum
670 447 725 504 lib.
738 447 767 504 11
785 451 895 505 24-27.
1167 446 1230 512 411

89 631 156 690 tam
186 624 273 708 longi
302 623 452 707 temporis
483 624 620 706 spatium
643 623 782 688 caritatis
804 623 978 706 igniculum
1001 623 1143 688 scintillis
1167 622 1232 686 suis

89 731 173 793 inter
195 727 363 792 obliuionis
386 728 509 792 fauillas
533 731 703 808 utcumque
726 727 918 792 relucentem
941 743 1177 808 nonnumquam
1201 729 1233 790 et

89 832 271 915 suspiriosis
287 830 413 896 flatibus
435 832 605 896 excitemus
626 835 657 895 et
672 831 827 896 interdum
844 831 986 896 dulcibus
1003 830 1091 896 nobis
1106 829 1233 895 fletibus

89 937 275 1020 inrigemus,
306 954 367 1018 quo
399 939 506 1000 tamen
535 937 588 1000 ille
615 935 715 1000 imbre
738 935 894 1018 pertusus,
925 939 1041 1017 quanto
1064 934 1164 1018 magis
1186 933 1234 997 in-

90 1041 205 1120 ficitur,
235 1043 324 1104 tanto
355 1039 457 1123 magis
489 1039 675 1120 incenditur,
706 1039 779 1121 quia
807 1059 863 1122 per
889 1039 1089 1104 lacrimarum
1111 1037 1234 1121 copiam
1273 1063 1285 1102 s

90 1143 317 1208 desideriorum
340 1146 433 1225 atque
456 1142 625 1208 affectuum
642 1144 753 1208 crescit
766 1142 904 1224 flamma,
927 1161 989 1207 non
1005 1142 1118 1207 deficit,
1151 1142 1235 1206 hunc

90 1267 177 1332 ergo,
210 1248 237 1312 si
268 1248 412 1312 dominus
434 1247 504 1330 piae
528 1247 698 1312 definitioni
720 1251 846 1312 uestrae
870 1247 1025 1312 tribuetur
1047 1247 1160 1326 fautor,
1191 1245 1235 1310 ef-

91 1354 212 1417 fectum
235 1351 324 1416 uobis
347 1351 565 1434 praesentibus
588 1371 771 1434 percensere
791 1352 905 1418 festino
922 1355 953 1415 et
969 1350 1051 1415 effici
1066 1349 1235 1433 discipulus

91 1458 131 1521 de
155 1457 318 1540 magistro,
341 1456 416 1537 quia
438 1474 500 1520 non
524 1475 574 1520 me
596 1456 693 1538 pudet
716 1457 810 1520 etiem
833 1456 865 1519 in
885 1455 944 1519 hac
960 1457 1061 1519 aetate
1077 1473 1135 1519 nee
1149 1455 1237 1538 piget

91 1561 238 1643 discipuli
267 1560 407 1643 adripere
438 1560 637 1641 iudustriam,
668 1559 837 1624 dummodo
868 1559 1030 1624 affectatae
1060 1557 1136 1622 artis
1164 1576 1236 1622 con·
1264 1584 1289 1624 ro

91 1683 209 1746 sequar
239 1663 446 1746 disciplinam.
492 1665 578 1748 prius
610 1665 693 1728 enim
725 1664 855 1748 quilibet
886 1663 978 1727 debet
1001 1663 1118 1726 discere
1141 1679 1236 1744 quem

91 1769 219 1848 dooere,
254 1768 327 1849 quia
363 1786 567 1851 praepropere
603 1767 737 1832 doctoris
768 1770 899 1852 usurpat
929 1766 1142 1849 supercilium,
1177 1765 1237 1829 nisi

92 1871 239 1954 discipuli
261 1872 433 1954 susceperit
455 1876 528 1936 ante
550 1872 748 1936 famulatum.
791 1871 865 1954 quid
889 1871 973 1934 enim
995 1870 1118 1950 iustius,
1142 1886 1237 1951 quam

91 1982 129 2041 ut
160 1976 229 2058 ipse
259 1976 302 2040 sis
333 1977 455 2059 paterni
486 1977 639 2058 interpres
664 1976 788 2058 eloquii,
819 1974 872 2056 qui
896 1975 1052 2055 uniuersa,
1083 1991 1162 2055 quae
1184 1973 1237 2036 ille

91 2081 291 2162 conscripsit,
322 2098 384 2144 non
415 2085 481 2144 tem
512 2081 549 2144 de
580 2080 694 2144 codicis
724 2079 919 2160 membrana,
950 2077 1109 2160 quamde
1137 2077 1237 2141 cordis
1267 2103 1291 2142 rs

92 2189 187 2270 potes
210 2183 326 2268 pagina
347 2185 507 2268 prolerre?
546 2185 634 2248 cuius
657 2203 714 2249 uos
738 2203 806 2248 esse
829 2183 910 2248 filios
933 2201 995 2247 non
1019 2183 1121 2247 solum
1144 2200 1240 2265 gene·

91 2290 227 2354 rositate
257 2289 431 2372 prosapiae,
462 2307 573 2353 uerum
604 2289 700 2353 etiam
731 2293 762 2353 et
785 2287 981 2370 eloquentiae
1003 2285 1079 2352 flore
1102 2289 1133 2350 et
1155 2285 1241 2350 omni

92 2395 252 2458 uirtutum
274 2411 388 2476 genere
409 2392 618 2477 conprobatis,
642 2411 721 2476 qnee
735 2391 818 2458 bona
832 2391 923 2456 uobis
939 2409 1001 2455 non
1017 2395 1085 2456 tom
1101 2389 1241 2454 doctrina

93 2497 243 2578 contulit,
271 2515 366 2578 quem
393 2501 516 2578 natura,
548 2497 620 2579 quia
647 2497 733 2561 riuus
757 2497 795 2561 de
819 2497 905 2561 sonte
928 2513 1144 2580 prorumpens,
1166 2494 1242 2558 licet

93 2601 224 2666 fluendo
253 2599 394 2684 proficiat
425 2605 456 2665 et
485 2600 712 2683 plenitudinem
740 2600 891 2665 currendo
919 2599 1091 2682 conquirat,
1123 2599 1241 2662 auctori
1267 2625 1293 2665 ro

93 2711 218 2784 tamen,
248 2705 330 2769 unde
360 2705 457 2770 sumit
486 2705 685 2786 uocabulum,
716 2703 809 2768 debet
831 2708 863 2769 et
885 2704 1042 2768 meritum.
1088 2721 1182 2785 quem
1215 2702 1241 2766 si

95 2810 207 2874 diuina
240 2809 406 2874 clementie
439 2828 539 2892 usque
571 2810 610 2874 ud
640 2809 699 2874 hoc
729 2813 854 2892 tempus
885 2825 1048 2891 superesse
1079 2805 1240 2886 uoluisset,

95 2915 183 2978 sient
211 2913 275 2978 iem
306 2917 374 2978 tum
405 2913 442 2976 de
471 2917 579 2978 uestra
608 2913 783 2978 imitatione
813 2912 1000 2991 laetabatur,
1030 2911 1075 2976 ite
1098 2927 1181 2974 nunc
1204 2911 1241 2974 de

94 3017 291 3102 perfectione
321 3018 481 3101 gauderet,
512 3036 584 3081 curn
615 3036 704 3101 spem
735 3017 774 3082 ed
804 3035 871 3082 rem
899 3019 1039 3081 cerneret
1061 3014 1241 3099 peruenisse

97 3141 160 3188 nec
184 3119 244 3186 sibi
267 3121 422 3186 inuideret
444 3123 618 3205 aequalem,
642 3141 735 3205 quem
759 3125 922 3205 optauerat
944 3139 1013 3185 esse
1036 3119 1207 3184 meliorem.
1255 3147 1281 3186 rs

629 3347 760 3413 XXVII.

503 3510 579 3550 ITEM
602 3509 741 3551 clusum(
762 3509 847 3552 ALlA.

144 3641 326 3724 Quamlibet
341 3663 396 3726 per
408 3645 569 3708 diaconem
582 3645 706 3708 Iustum
723 3662 785 3709 non
801 3645 967 3709 meruerim
983 3645 1103 3709 litteras
1116 3644 1243 3729 benigni

94 3749 239 3834 pectoris
262 3751 295 3813 et
317 3749 443 3813 facundi
466 3749 527 3813 oris
545 3749 694 3831 accipere,
719 3747 831 3831 quibus
848 3753 880 3814 et
895 3749 1067 3814 erudiretur
1082 3749 1243 3833 ingenium

95 3859 131 3920 et
156 3853 346 3918 desiderium
368 3858 558 3936 pasceretur,
583 3872 640 3937 ego
664 3857 780 3934 tamen,
804 3853 858 3936 qui
881 3853 963 3918 melo
987 3853 1175 3918 affectuosus
1191 3871 1243 3917 ru·
1270 3878 1297 3919 so

137 4031 163 4099 'e
182 4041 322 4097 fletibuso
379 4041 459 4096 lille
479 4045 523 4110 8¹,
543 4042 589 4096 illo
609 4043 645 4098 8²
698 4041 871 4098 ddeiecitS
925 4042 1145 4098 ldifinitioniS
1196 4041 1244 4096 tri-

95 4131 169 4186 bnat
187 4132 251 4184 uta
304 4129 484 4198 8pereensire
498 4131 520 4184 S
571 4133 718 4200 9putetS
772 4133 803 4184 10
821 4130 915 4184 allecta
932 4127 1114 4198 reserante
1131 4131 1245 4185 estates

97 4221 134 4276 12
153 4231 330 4287 praepropere
344 4235 368 4284 v,
386 4219 582 4286 praeponeret*
634 4219 666 4272 14
678 4218 825 4285 interpretes
839 4220 861 4274 S
914 4221 946 4272 15
963 4217 996 4270 de
1008 4216 1095 4270 cordis
1107 4219 1196 4286 potest
1207 4218 1243 4273 δ’

97 4305 358 4372 litobrandus
415 4308 447 4360 19
465 4303 581 4361 ribusS
636 4306 668 4359 21
689 4302 804 4361 debitS
859 4307 893 4360 24
912 4319 1066 4359 carnersso
1118 4307 1151 4360 25
1169 4301 1243 4357 obte-

96 4391 223 4448 uerats
273 4392 306 4445 29
325 4389 529 4447 facundiorisS
580 4393 614 4446 30
632 4389 755 4448 malloS
