2920 4928
508 426 751 496 Prolegomena.
1109 425 1200 479 XXIX

78 621 136 666 esse
164 604 293 683 uidetur,
324 622 364 668 ne
392 603 545 668 Gennadii
577 603 681 667 uerbis
712 607 834 666 exstare
865 603 925 666 alia
948 603 1057 666 Fausti
1087 603 1204 684 scripta

77 707 110 770 ab
131 707 201 790 ipso,
231 709 313 790 quod
336 709 470 772 necdum
494 709 631 793 legisset,
663 725 725 772 non
748 708 911 772 nominata
940 707 1069 771 dicentis
1092 706 1203 771 abuta-

77 829 136 874 mur
161 813 264 896 eisque
292 813 356 877 nixi
384 813 500 896 scripta
527 816 568 893 et,
596 831 675 894 quae
699 813 759 876 alio
782 812 907 876 nomine
932 815 1064 892 exstant,
1088 811 1202 875 tradita

78 919 104 979 et
130 915 295 1000 deperdita,
327 935 460 999 quorum
490 917 602 981 titulus
634 917 684 981 uel
711 917 822 981 notitia
844 920 969 981 tantum
991 917 1031 980 ad
1054 934 1109 980 nos
1132 934 1203 997 per-

78 1021 162 1102 uenit,
184 1021 299 1086 Fausto
322 1021 544 1105 impingamus.
585 1021 661 1084 satis
685 1039 839 1104 superque
863 1021 946 1086 enim
970 1021 1202 1086 demonstrasse

76 1123 152 1190 nobis
174 1127 316 1191 uidemur
340 1125 540 1191 Gennadium
563 1125 802 1209 diligentissime
826 1125 935 1190 Fausti
957 1143 1051 1208 opera
1074 1143 1202 1190 enume-

76 1229 192 1310 rauisse,
216 1231 330 1316 quippe
354 1232 406 1313 qui
428 1231 480 1295 uel
504 1231 620 1314 scripta
640 1230 762 1294 minuta
782 1231 870 1294 uelut
891 1230 1031 1313 singulas
1053 1229 1202 1313 epistulas

76 1335 244 1398 nominatim
266 1335 394 1399 afferret
417 1338 449 1399 et
463 1352 579 1418 paucas
595 1337 719 1398 tantum
736 1335 897 1418 epistulae,
921 1353 959 1398 ne
975 1335 1088 1418 longus
1104 1334 1201 1414 lieret,

75 1441 155 1519 alque
173 1439 328 1521 homilias,
352 1440 444 1522 quod,
468 1457 528 1522 quo
549 1444 691 1522 tempore
711 1440 888 1523 catalogum
904 1439 1038 1522 scripsit,
1062 1439 1200 1503 nondum

75 1542 163 1607 editae
178 1547 276 1624 erant,
300 1544 466 1609 omitteret.
506 1561 600 1626 quam
617 1543 740 1608 obrem
756 1542 909 1614 Gennadii
925 1543 1087 1606 silentium
1104 1542 1142 1606 de
1163 1543 1201 1606 iis

75 1647 214 1730 operibus,
243 1667 322 1731 quae
351 1649 457 1713 statim
482 1648 698 1728 tractabimus
727 1648 802 1711 milri
830 1647 953 1729 quidem
977 1647 1201 1730 grauissimum

75 1757 282 1834 argumentum
306 1757 365 1834 est,
396 1771 456 1834 quo
486 1755 647 1834 permotus
671 1769 708 1815 ea
730 1752 847 1816 Fausto
875 1751 1060 1816 abiudicem.
1099 1769 1200 1833 neque

75 1857 226 1938 assentiar,
250 1858 277 1921 si
300 1857 378 1920 mihi
401 1857 549 1920 obieceris
573 1857 715 1940 catalogo
739 1855 792 1920 illo
816 1875 834 1920 a
857 1855 1019 1920 Gennadio
1042 1856 1106 1919 iam
1129 1873 1201 1920 con-

76 1957 145 2024 lecto
167 1959 207 2044 (a.
224 1959 303 2045 480)
327 1962 479 2026 Faustum
503 1961 620 2042 aliquid
643 1960 838 2026 conscribere
862 1961 1010 2044 potuisse.
1049 1978 1124 2024 sane
1145 1977 1201 2042 po-

75 2064 127 2128 luit
148 2069 178 2130 ct
200 2066 351 2149 epistulas
374 2067 552 2150 posthunc
575 2085 694 2129 annum
718 2065 849 2149 scriptas
873 2065 931 2148 ipsi
954 2065 1046 2130 modo
1073 2083 1201 2128 enume-

75 2169 212 2251 rauimus,
244 2171 300 2235 sed
323 2171 477 2234 Faustum
508 2175 575 2234 tum
608 2170 774 2234 minimum
806 2170 1083 2254 septuagenarium
1107 2172 1139 2234 et
1168 2169 1200 2232 in

74 2272 167 2338 exsilio
177 2275 341 2340 uiuentem
353 2275 471 2340 maiora
483 2293 577 2357 opera
593 2275 755 2358 scripsisse
771 2275 822 2338 uir
838 2274 1020 2338 uerisimile
1036 2277 1084 2338 est
1099 2293 1200 2356 noque

73 2393 249 2462 quemquam
273 2379 428 2444 Faustum
459 2383 562 2444 aetate
592 2383 659 2443 tam
690 2382 838 2463 prouecta
868 2379 922 2443 illa
952 2379 1068 2463 scripta
1098 2378 1201 2444 conci-

73 2480 197 2560 pientem
221 2483 283 2548 sibi
307 2483 432 2548 finxisse
455 2483 595 2549 memini.

109 2585 148 2651 At
169 2587 332 2654 Sidonium
355 2588 464 2653 Fausti
487 2589 650 2671 aequalem
670 2592 832 2672 opponunt
852 2589 911 2652 uiri
937 2589 1017 2654 docti
1038 2588 1199 2654 Gennadio

73 2693 99 2754 et
122 2691 243 2758 laudare
275 2713 347 2759 eum
377 2695 491 2777 partim
523 2694 707 2778 opusculum
737 2695 932 2777 deperditum
959 2695 1074 2778 partim
1101 2714 1199 2777 usque

73 2795 162 2861 adhuc
180 2799 260 2864 falso
280 2799 407 2862 nomine
423 2799 611 2882 impressum
629 2799 822 2863 contendunt
837 2799 991 2862 dicentem
1005 2797 1200 2881 (epvllsss

72 2917 97 2980 p,
111 2899 176 2984 lot,
189 2901 305 2987 30L.):
331 2900 463 2988 lepimaa
478 2923 559 2988 opas
576 2901 838 2988 operosissimum
852 2901 1036 2987 multiplea,
1058 2923 1133 2965 acre
1148 2924 1199 2964 aa·

73 2999 163 3082 otim,
183 3005 343 3094 digestam
358 3005 467 3070 titulis
488 3005 703 3093 exemplisque
723 3016 913 3093 compertam,
935 3005 1124 3092 bipertitam
1140 3005 1199 3070 aab

73 3105 185 3197 dialoqi
195 3111 361 3188 schcmate,
373 3109 432 3173 aab
445 3133 621 3174 causarum
633 3112 768 3174 themate
780 3110 1068 3196 quadripertitam.
1099 3111 1199 3196 scrip-

72 3231 149 3276 seras
165 3225 271 3279 autem
281 3213 434 3300 plurima
449 3214 603 3280 ardenter
613 3214 721 3301 plara
732 3236 894 3300 pompose,
916 3214 1113 3300 simpliciter
1135 3215 1199 3278 ieta

71 3335 120 3378 aee
140 3319 268 3398 metica,
292 3329 406 3406 arqutc
425 3317 490 3383 illa
510 3341 567 3383 aec
587 3317 717 3396 callide,
739 3319 862 3405 grauia
882 3330 1008 3383 matare
1024 3318 1198 3406 profonda

71 3419 206 3502 sollicite,
231 3422 336 3488 detta
351 3433 534 3488 constanter
549 3433 775 3512 argumentosa
791 3423 1021 3510 disputatorie,
1042 3424 1200 3510 quaedam

71 3545 168 3592 eccere
189 3527 364 3615 quaepiam
388 3527 515 3607 blande,
543 3538 659 3592 coacta
681 3527 851 3591 moraliter
875 3527 950 3592 lecte
969 3539 1118 3615 poleater
1140 3528 1200 3592 elo-

71 3633 273 3710 qaenttmime.
297 3653 376 3717 quae
391 3634 489 3699 uerba
504 3633 659 3718 (inprimis
677 3631 867 3718 bipertitam
886 3633 946 3696 aab
968 3633 1093 3721 dialopt
1115 3635 1199 3696 ecte·

72 3743 152 3812 mate,
166 3735 225 3802 aab
238 3759 417 3802 camaram
429 3739 563 3802 themate
578 3737 871 3824 quadripertitam)
885 3740 923 3803 ad
935 3739 1029 3804 libros
1046 3741 1083 3804 de
1098 3741 1201 3825 gratia

71 3841 210 3918 quadrare
226 3849 378 3927 negantes
394 3843 457 3924 alii,
473 3847 509 3908 ut
523 3843 705 3908 Sirmondus
720 3845 752 3908 in
768 3846 849 3908 notis
866 3844 904 3908 ad
920 3843 1091 3926 Sidonium,
1107 3864 1200 3928 opus-

71 3943 164 4010 culum
187 3965 206 4012 a
228 3945 355 4012 Sidonio
383 3947 545 4014 laudatum
569 3948 763 4013 intercidisse
791 3951 978 4029 statuerunt,
1007 3949 1199 4014 Baeumerus

71 4045 190 4116 Arnobii
213 4052 341 4116 iunioris
358 4052 545 4118 Confliotum
568 4053 605 4116 de
626 4053 682 4118 deo
704 4053 786 4118 trino
806 4057 838 4116 et
856 4072 918 4118 uno
935 4053 1066 4138 (Migne,
1083 4055 1198 4118 Patrol.

71 4149 116 4216 lat.
135 4153 208 4220 LIII
235 4153 422 4240 aea-322)
451 4157 558 4221 Fausti
587 4175 655 4221 esse
683 4161 715 4221 et
738 4175 756 4220 a
779 4156 903 4222 Sidonio
931 4158 1099 4242 significari
1127 4175 1200 4222 eon·

71 4251 132 4322 iecit
153 4257 327 4342 (Katbolitc
351 4257 432 4324 1887
457 4281 486 4346 p.
504 4259 568 4324 402
584 4262 677 4344 sqq).
716 4261 771 4325 sed
799 4279 861 4326 non
889 4281 958 4327 esse
982 4261 1199 4344 dubitandum,

71 4363 134 4439 quin
149 4363 289 4446 Arnobii,
312 4367 367 4448 qui
391 4367 511 4446 dieitur,
535 4365 699 4430 conflictus
716 4367 831 4430 Fausto
848 4367 942 4430 tribui
959 4371 1103 4448 nequeat,
1127 4387 1198 4434 cum
