2924 4924
138 391 142 396 ’
233 411 297 476 304
674 413 739 468 1111.
759 414 868 468 sermo
886 417 928 470 ao.

232 587 329 652 libus:
360 592 447 652 tuno
478 589 568 654 iusti
599 589 802 672 fulgebunt
832 591 930 655 siout
960 593 1015 656 sol
1047 593 1082 656 in
1112 609 1226 676 regno
1251 593 1380 676 patris

232 711 366 757 eorum.

274 797 387 880 Ioseph
410 799 632 881 interpretatur
656 801 870 882 augmentatio
894 801 960 864 siue
983 801 1153 883 ampliatio.
1192 801 1298 866 sedin
1320 801 1379 866 illo

230 901 344 985 Ioseph
367 903 599 986 ampliationem
623 922 684 968 non
708 904 819 968 habuit
842 905 902 968 nisi
925 905 992 969 sola
1011 904 1184 989 Aegyptus,
1208 905 1240 968 in
1263 910 1378 969 nostro

190 1031 204 1071 1
230 1025 303 1070 uero
324 1007 437 1090 Ioseph
458 1011 665 1091 augmentum
685 1007 801 1072 habere
822 1009 937 1073 meruit
956 1010 1120 1073 uniuersus
1140 1009 1285 1074 mundus.
1321 1009 1377 1073 ille

229 1109 342 1193 Ioseph
367 1113 507 1194 erogauit
530 1113 680 1193 triticum,
704 1117 810 1177 noster
834 1131 961 1196 erogare
985 1113 1130 1196 diguatus
1157 1117 1206 1178 est
1228 1113 1275 1177 dei
1298 1131 1377 1176 uer-

229 1213 315 1278 bum.
354 1217 389 1280 in
413 1235 556 1280 omnem
581 1218 678 1281 enim
702 1221 839 1282 terram
863 1219 979 1282 eriuit
999 1237 1112 1282 sonus
1133 1237 1255 1283 eorum
1275 1221 1312 1281 et
1338 1219 1375 1282 in

229 1319 325 1383 fines
353 1319 452 1384 orbis
480 1325 603 1384 terrae
631 1321 747 1385 uerba
774 1339 907 1386 eorum.
948 1340 1004 1386 nos
1029 1340 1111 1406 ergo,
1139 1323 1249 1387 fratres
1273 1322 1376 1385 earis-

229 1425 309 1504 simi,
334 1425 385 1506 qui
409 1425 502 1489 nullis
526 1426 784 1508 praecedentibus
807 1427 927 1490 meritis
950 1431 1039 1490 tanta
1062 1426 1143 1492 bona
1169 1447 1224 1510 per
1246 1425 1377 1490 miseri·

177 1552 202 1593 111
229 1528 366 1592 cordiam
387 1530 452 1592 ueri
467 1530 581 1612 Ioseph
602 1531 718 1594 domini
734 1532 832 1594 nostri
847 1530 920 1594 Iesu
936 1530 1052 1596 Christi
1068 1531 1226 1596 oonseouti
1246 1548 1374 1610 sumus,

229 1633 267 1695 ad
291 1651 369 1714 quos
393 1653 454 1698 non
478 1633 591 1698 umbra
613 1635 728 1698 ueteris
752 1635 944 1715 testamenti,
968 1636 1023 1698 sed
1046 1636 1114 1718 ipsa
1136 1636 1250 1699 ueritas
1270 1636 1374 1714 uenit,

229 1741 383 1818 quantum
406 1738 574 1821 possimus,
598 1756 670 1802 eum
694 1739 742 1802 dei
765 1739 868 1822 gratia
891 1737 1080 1820 laboremus,
1103 1743 1148 1819 nt,
1172 1739 1251 1821 quod
1274 1738 1372 1802 nobis

228 1841 361 1904 eontulit
377 1842 542 1922 iudicatus,
566 1843 725 1925 integrum
749 1843 781 1906 iu
804 1842 893 1906 nobis
917 1844 1056 1908 inueniat
1077 1845 1277 1920 iudicaturus,
1299 1844 1373 1924 qui,

227 1949 377 2027 quantum
402 1947 533 2010 eontulit
555 1946 622 2027 tibi,
651 1951 774 2010 tantum
802 1952 953 2030 reposoet.
993 1947 1173 2030 etquidem
1201 1947 1262 2024 ille,
1292 1964 1372 2010 eum

176 2075 200 2115 11
228 2051 359 2130 uenerit,
391 2050 569 2114 redditurus
593 2055 650 2131 est,
682 2053 762 2133 quod
785 2052 974 2134 repromisit,
1004 2053 1059 2116 sed
1086 2052 1283 2134 quaesiturus
1307 2057 1371 2130 est,

226 2173 303 2236 qnos
333 2155 476 2235 redemit,
508 2158 540 2218 et
562 2156 641 2237 qnod
666 2155 805 2220 deditio
829 2156 966 2220 aduentu
989 2157 1098 2238 primo,
1130 2159 1295 2220 exacturus
1318 2161 1372 2218 est

226 2259 258 2322 in
290 2260 434 2324 seeundo.
474 2277 565 2323 nemo
598 2259 680 2323 enim
706 2259 828 2324 Christo
858 2259 983 2325 domino
1015 2264 1120 2325 nostro
1151 2261 1233 2324 mala
1255 2259 1371 2324 reddat

226 2382 281 2445 pro
312 2364 411 2428 bonis.
450 2366 518 2446 quis
543 2368 590 2427 est
613 2365 706 2444 enim,
738 2364 790 2446 qui
812 2368 877 2428 tam
901 2365 995 2447 impie
1022 2365 1098 2448 agit,
1129 2364 1190 2428 nisi
1219 2363 1282 2442 ille,
1311 2363 1371 2444 qui

229 2468 341 2550 aoeipit
371 2469 567 2532 dulcedinem
590 2473 622 2532 ot
644 2469 746 2532 reddit
769 2469 1018 2548 amaritudinem,
1049 2469 1101 2551 qui
1132 2468 1244 2551 aooipit
1266 2469 1369 2532 uitam

175 2599 200 2638 ro
229 2577 260 2636 et
290 2573 427 2636 restituit
456 2575 612 2637 mortem?
652 2577 784 2636 mortem
816 2573 899 2636 euim
930 2573 1087 2653 retribuit,
1117 2573 1170 2655 qui
1201 2591 1233 2636 se
1261 2571 1370 2654 ipsum

227 2676 360 2741 uiuendo
383 2677 466 2740 male
488 2677 643 2741 interficit.
682 2677 752 2758 quis
776 2678 860 2741 enim
882 2677 984 2741 reddit
1004 2679 1088 2741 mala
1106 2695 1161 2760 pro
1182 2676 1281 2756 bonis,
1305 2677 1370 2739 uisi

226 2782 289 2862 ille,
313 2782 382 2863 qui,
400 2800 471 2846 oum
496 2781 622 2846 deberet
643 2781 769 2845 lectioni
785 2782 930 2846 insistere
947 2785 978 2845 et
993 2782 1031 2846 ad
1048 2781 1211 2846 eeclesiam
1231 2799 1370 2860 currere,

226 2887 321 2969 elegit
342 2887 446 2968 potius
470 2885 509 2949 ad
532 2885 657 2950 tabulas
680 2886 797 2966 ludere,
822 2886 1000 2970 epeotaoula
1023 2887 1074 2950 uel
1098 2885 1214 2950 furiosa
1228 2885 1279 2948 uel
1294 2902 1370 2948 oru-

226 2996 300 3056 enta
319 2992 370 3055 uel
385 2992 489 3074 turpia
504 2992 701 3072 frequentare
718 2996 758 3071 et,
782 2991 831 3054 oui
847 2990 1009 3072 oportebat
1024 2994 1152 3074 poetata
1167 3007 1223 3054 sua
1238 2989 1369 3070 orando,

173 3121 199 3160 11
225 3096 367 3179 legendo,
400 3096 587 3179 elimosynas
611 3096 753 3160 faoiendo
776 3113 969 3176 consumere,
997 3095 1103 3159 studet
1124 3095 1228 3176 potius
1250 3111 1369 3174 augere

226 3200 414 3284 etamplius
442 3201 624 3265 cumulare?
662 3201 732 3282 quis
763 3203 820 3280 est,
851 3199 903 3282 qui
930 3199 1031 3264 reddit
1058 3199 1143 3263 mala
1169 3217 1225 3283 pro
1251 3197 1370 3262 bonis?

330 3347 356 3416 1]
375 3345 581 3412 uersuram.
636 3347 664 3416 1]
683 3345 781 3400 esum.
798 3347 837 3410 18,
852 3349 875 3402 5.

267 3469 423 3539 3amplitio
442 3471 472 3525 D
523 3469 742 3539 tomplitionem
761 3469 790 3524 D
844 3467 919 3522 abuit
937 3469 966 3523 D
1018 3468 1140 3537 egyptius
1158 3469 1188 3524 D
1248 3469 1369 3521 ‘lsonus

224 3556 328 3626 eorum]
348 3574 367 3610 s.
381 3557 561 3626 apostolorum
579 3558 650 3627 Aug.
724 3559 756 3611 12
778 3555 909 3624 possimus
933 3573 965 3610 ex
986 3571 1127 3623 possumus
1150 3556 1180 3609 D
1252 3556 1281 3610 11
1298 3569 1369 3608 eon·

224 3644 297 3714 tullit
315 3647 344 3700 D
405 3646 482 3698 tanto
500 3647 529 3700 D
591 3643 1016 3745 11111111111111,1111111111)
1075 3643 1119 3710 qni
1138 3641 1189 3696 tibi
1208 3645 1281 3694 tauta
1297 3656 1369 3696 eou-

224 3757 295 3819 tulit,
314 3758 365 3810 seit
383 3763 511 3826 quantum
532 3759 651 3826 reposcat
669 3759 740 3824 Asty.
805 3759 836 3810 15
855 3755 988 3809 rediturus
1007 3757 1036 3809 D
1096 3756 1247 3822 quesituros
1265 3755 1299 3816 D,
1322 3773 1369 3808 re·

224 3845 370 3912 quisiturus
389 3846 460 3914 Aug.
535 3847 566 3898 16
585 3843 654 3911 quod
674 3845 744 3912 Asty.
819 3846 849 3898 17
869 3841 951 3911 onim]
973 3859 1035 3908 ergo
1053 3843 1126 3911 Aug.
1200 3843 1265 3912 184>
1282 3839 1368 3908 uobis

223 3929 299 3984 bonis
323 3933 352 3986 D
423 3931 703 4000 11111111111119.
778 3933 809 3985 19
833 3929 995 3983 dulcidinem
1020 3930 1049 3983 D
1119 3931 1153 3984 20
1182 3927 1304 3997 restilytuit
1337 3931 1371 3984 D

223 4019 254 4073 21
279 4019 418 4086 interficit]
442 4019 500 4086 quis
524 4021 564 4070 est
586 4019 631 4084 qui
654 4017 743 4070 reddit
762 4016 833 4070 mala
850 4033 898 4085 pro
917 4015 1011 4069 bonis?
1042 4015 1087 4068 illo
1109 4015 1156 4084 qui
1174 4033 1235 4069 eum
1254 4012 1369 4070 deberet

224 4103 285 4157 dare
308 4106 422 4174 propria,
446 4105 517 4174 rapit
540 4105 633 4167 aliena,
657 4105 701 4172 qui
724 4120 771 4172 pro
794 4104 905 4157 caritate
927 4103 1016 4156 reddit
1038 4102 1138 4166 odium,
1162 4101 1287 4155 inuidiam
1312 4117 1370 4170 pro

223 4191 396 4260 benignitate,
420 4209 467 4262 pro
491 4192 643 4245 humilitate
666 4191 825 4260 snperbiam,
849 4207 897 4260 pro
916 4191 1037 4244 castitate
1055 4189 1188 4242 luxuriam
1206 4189 1268 4244 add.
1285 4191 1368 4261 Aug.

222 4281 256 4333 23
274 4280 366 4348 putios
386 4282 414 4334 D
475 4281 508 4336 24
527 4294 603 4348 quem
622 4281 694 4349 Asty.
748 4279 889 4348 oportebat
907 4279 935 4333 D
997 4280 1030 4333 25
1049 4276 1209 4345 elymosinas
1228 4277 1256 4332 D
1312 4293 1370 4346 pu·

224 4366 277 4418 tius
296 4369 324 4419 D
376 4371 410 4420 26
429 4367 590 4419 commulare
610 4368 639 4421 D
