2920 4930
545 412 643 468 Liber
661 414 674 468 1
693 417 785 471 9—10.
1189 418 1231 483 33

90 587 209 654 ditiae
232 591 269 654 et
290 589 492 672 iniquitati
515 590 558 654 ad
581 590 838 672 iniquitatem,
861 592 915 656 ita
938 611 1034 656 nunc
1057 591 1230 658 exhibete

89 691 259 758 membra
285 696 414 758 uestra
439 693 582 758 seruire
609 695 781 760 iustitiae
808 695 845 759 in
872 696 1229 762 sanctificationem.

88 815 196 862 nonne
226 797 277 862 hic
305 797 410 880 ipsum
433 797 628 881 eundemque
659 797 819 864 hominem
849 799 888 864 ad
918 798 1072 865 bonorum
1102 819 1230 884 operum

87 901 199 966 studia
220 905 380 984 prouocat,
403 921 497 984 quem
519 902 606 985 prius
630 903 722 966 malis
745 903 885 968 deditum
908 903 1005 970 luisse
1028 905 1237 970 manifestat?⁴

132 1005 237 1089 Igitur
259 1005 335 1070 dum
357 1005 448 1072 liberi
470 1005 675 1090 interemptor
698 1007 817 1072 arbitrii
844 1009 876 1072 in
904 1009 1086 1074 alterutram
1108 1013 1230 1092 partem
1268 1036 1281 1075 e

86 1110 198 1174 omnia
220 1128 257 1174 ex
278 1109 561 1192 praedestinatione
584 1113 705 1176 statuta
734 1115 765 1176 et
793 1111 921 1177 definita
948 1131 1016 1178 esse
1039 1113 1230 1196 pronuntiat,

86 1215 187 1279 etiam
210 1231 357 1297 suprema
378 1215 518 1279 remedia
539 1215 749 1298 paenitentiae
772 1235 867 1282 sensu
887 1216 1037 1300 abruptae
1060 1218 1230 1301 impietatis

86 1322 233 1384 euacuat
272 1323 304 1383 et
318 1319 472 1402 quomodo
491 1319 650 1403 praedicat
671 1321 816 1404 gratiam,
836 1321 889 1403 qui
910 1321 1154 1387 misericordiam
1177 1341 1231 1386 ne-

85 1425 169 1508 gat?
192 1423 346 1505 quomodo
363 1424 485 1489 uidetur
501 1442 638 1488 asserere
654 1425 702 1488 dei
718 1425 844 1506 donum,
860 1427 947 1490 cuius
962 1427 1045 1492 tollit
1060 1427 1230 1492 auxilium?

85 1527 246 1611 quomodo
269 1528 362 1592 audet
377 1528 414 1592 do
430 1529 592 1611 scripturis
608 1530 806 1611 praesumere
821 1530 1009 1612 testimonia,
1025 1532 1077 1613 qui
1093 1533 1226 1615 scriptu·
1253 1561 1279 1602 ιο

86 1651 198 1697 rarum
221 1635 350 1697 conatm
374 1633 536 1697 excludere
552 1633 726 1698 beneficia?
756 1634 909 1716 quomodo
930 1635 1007 1699 mihi
1023 1635 1150 1700 dicitur:
1174 1636 1230 1700 dc-

87 1738 194 1802 clina
216 1755 236 1800 a
258 1737 356 1802 malo
379 1741 416 1802 et
439 1738 498 1802 lac
520 1737 670 1820 bonum,
701 1739 728 1803 si
756 1740 819 1804 iam
846 1740 965 1804 malum
989 1740 1144 1806 declinare
1167 1760 1230 1807 non

87 1845 247 1927 possum?
284 1861 339 1906 cur
362 1843 519 1926 apostolus
543 1843 696 1925 loquitur:
721 1845 965 1926 mortificate,
989 1846 1098 1928 inquit,
1122 1866 1230 1911 mem-

87 1947 157 2011 bra
180 1949 321 2027 uestra,
345 1947 523 2012 etiterum:
541 1947 670 2028 crolle,
686 1947 798 2030 inquit,
819 1949 1020 2031 aliquando
1037 1949 1228 2033 tenebrae,

88 2068 190 2115 nuno
218 2053 342 2115 autem
372 2051 434 2114 lun
464 2051 500 2115 in
530 2051 694 2132 domino,
725 2055 765 2116 ut
787 2052 860 2116 filii
890 2053 985 2118 lucis
1016 2053 1227 2122 ambulate?
1256 2081 1281 2122 ne

85 2154 246 2238 quomodo
269 2153 346 2218 milri
370 2155 578 2220 mutationem
605 2156 669 2220 mei
698 2157 775 2240 legis
805 2157 999 2239 praedicator
1025 2159 1178 2240 insinuat,
1202 2159 1229 2224 si

86 2257 311 2324 inmutabilem
333 2259 436 2342 legem
459 2259 559 2324 factor
582 2260 734 2342 inposuit:
760 2261 1008 2343 expoliantes
1031 2263 1140 2345 inquit,
1164 2281 1228 2329 uos

87 2367 258 2428 ueterem
274 2363 459 2428 hominem
475 2381 557 2428 cum
580 2363 726 2428 actibus
751 2365 830 2428 eius
853 2366 1052 2431 induentes
1073 2370 1228 2432 nouum?

88 2467 248 2550 quomodo
271 2471 447 2532 concretam
472 2468 591 2552 pcccati
613 2467 717 2532 labem
739 2468 989 2552 inseparabiliter
1017 2471 1055 2535 ad
1078 2471 1229 2556 originem

88 2576 120 2636 ct
143 2571 355 2636 conditionem
377 2572 530 2655 pertinere
554 2573 725 2654 contendis,
753 2591 848 2654 quam
871 2574 983 2658 deponi
1006 2579 1037 2639 et
1053 2576 1122 2640 erui
1136 2593 1228 2660 posse
1254 2605 1281 2646 ro

88 2676 277 2762 cognoscis?
319 2676 466 2760 intellege
501 2678 654 2742 contrario
689 2681 720 2741 te
754 2677 865 2760 spiritu
899 2679 1049 2744 aduersus
1083 2684 1228 2745 sanctum

87 2781 234 2863 spiritum
257 2780 353 2863 loqui,
376 2780 429 2862 qui
451 2781 530 2864 legis
547 2783 578 2845 et
593 2781 814 2864 prophetarum
829 2787 1034 2864 sacramenta,
1058 2785 1111 2866 qui
1133 2803 1228 2850 cuan-

86 2885 208 2969 gelicae
231 2884 373 2949 ueritatis
396 2885 521 2950 oracula
543 2885 659 2950 mundo
686 2886 719 2950 in
746 2887 935 2952 adiutorium
965 2888 1049 2952 dedit
1079 2893 1111 2953 et
1139 2907 1228 2973 prae-

87 2992 182 3074 cepta
203 2989 311 3054 diuina
333 3007 387 3072 per
410 2988 582 3054 laboriosae
605 2989 762 3054 seruitutis
789 2990 892 3056 officia
917 2993 1017 3075 gratia
1043 2997 1228 3076 cooperante

88 3093 290 3158 sernentibus
312 3111 446 3178 regnum
469 3094 602 3158 caeleste
625 3094 776 3177 promisit.
1252 3127 1278 3166 25

132 3195 329 3281 Quapropter
363 3197 514 3262 bonorem
547 3199 649 3263 sancti
683 3199 785 3282 operis
819 3218 855 3264 ac
884 3199 1000 3265 laboris
1031 3201 1069 3266 de
1097 3203 1227 3285 praemii

89 3301 308 3386 magnitudine
332 3319 369 3366 ac
392 3301 543 3386 dignitate
566 3303 686 3384 metire,
716 3305 804 3368 cuius
831 3304 970 3387 palmam
997 3307 1031 3369 tu
1059 3307 1228 3389 peniteret

87 3423 235 3470 eoronam
262 3406 358 3470 uilem
386 3405 504 3488 absque
535 3406 630 3471 dubio
659 3407 787 3488 iudicas,
819 3408 846 3472 si
876 3426 945 3472 eam
976 3409 1042 3474 sine
1072 3409 1228 3476 laboriosa

86 3509 274 3575 contritione
301 3510 490 3594 adprehendi
520 3528 611 3595 posse
635 3511 810 3576 confirmas.
849 3515 999 3594 numquid
1028 3517 1132 3598 potest
1160 3515 1226 3580 sine

88 3631 206 3698 magna
227 3613 328 3698 operis
352 3614 524 3679 intentione
547 3615 730 3680 mandatum
754 3616 831 3680 illud
854 3617 978 3682 diuinae
1000 3619 1226 3703 praeceptionis
1253 3645 1279 3686 so

87 3717 237 3801 implori?
275 3718 367 3799 noli,
389 3719 500 3800 inquit,
533 3720 633 3784 uinci
663 3736 682 3784 a
711 3721 823 3802 malo,
854 3722 1046 3787 seduinoe
1073 3722 1226 3790 inbono

195 3881 238 3950 11]
257 3879 357 3936 esum.
376 3883 474 3946 scor.
525 3881 568 3951 13]
587 3881 642 3938 cor.
661 3885 686 3948 s,
699 3887 722 3940 5.
774 3883 816 3953 rr]
835 3883 901 3954 opo.
922 3887 982 3950 aa.
1032 3885 1076 3956 17]
1095 3884 1225 3951 corae.

85 3965 139 4036 ar]
156 3965 229 4022 eom.
250 3970 290 4032 12,
304 3969 346 4024 21.

135 4079 348 4150 deundcmquac
361 4082 388 4136 P
431 4081 701 4152 6praedistinatione
714 4085 741 4138 P
787 4086 1001 4154 leupraemaP
1047 4087 1079 4142 10
1091 4101 1187 4154 quomo
1201 4087 1228 4141 P

88 4169 125 4223 13
145 4181 209 4234 quur
227 4167 255 4223 P
305 4166 400 4236 inquid
418 4169 445 4223 P
497 4171 528 4225 17
548 4167 743 4224 immutabilem
761 4171 796 4240 P,
815 4169 1037 4227 inimitabilamv
1085 4174 1116 4228 19
1134 4187 1225 4241 pecca·

86 4277 127 4332 lis
148 4277 173 4332 P
219 4281 253 4336 23
272 4279 373 4334 mundo
391 4282 419 4335 P
434 4281 545 4348 (oman.
558 4283 605 4338 ola.
619 4284 728 4350 iuras.)
774 4251 936 4338 adiutoribm
954 4285 982 4338 P
1027 4285 1061 4340 28
1073 4283 1187 4354 absquae
1200 4285 1228 4340 P

86 4369 125 4422 29
147 4363 320 4436 adpraehendi
339 4368 367 4424 P
417 4371 448 4424 31
468 4369 562 4438 inquid
582 4370 609 4424 P

146 4457 195 4502 m
209 4461 280 4504 rsus.
1055 4462 1071 4511 8
