<?xml version="1.0" encoding="UTF-8"?>
<!DOCTYPE html PUBLIC "-//W3C//DTD XHTML 1.0 Transitional//EN"
    "http://www.w3.org/TR/xhtml1/DTD/xhtml1-transitional.dtd">
<html xmlns="http://www.w3.org/1999/xhtml" xml:lang="en" lang="en">
 <head>
  <title>
</title>
<meta http-equiv="Content-Type" content="text/html;charset=utf-8" />
  <meta name='ocr-system' content='tesseract 3.04.00' />
  <meta name='ocr-capabilities' content='ocr_page ocr_carea ocr_par ocr_line ocrx_word'/>
</head>
<body>
  <div class='ocr_page' id='page_1' title='image "./praetersermones00fausgoog/praetersermones00fausgoog_0337.png"; bbox 0 0 2924 4924; ppageno 0'>
   <div class='ocr_carea' id='block_1_1' title="bbox 542 443 1231 508">
    <p class='ocr_par' dir='ltr' id='par_1_1' title="bbox 542 443 1231 508">
     <span class='ocr_line' id='line_1_1' title="bbox 542 443 1231 508; baseline 0 -8"><span class='ocrx_word' id='word_1_1' title='bbox 542 445 607 500; x_wconf 90' lang='lat'><em>1111.</em></span> <span class='ocrx_word' id='word_1_2' title='bbox 627 446 735 500; x_wconf 89' lang='lat' dir='ltr'>Sermo</span> <span class='ocrx_word' id='word_1_3' title='bbox 754 448 778 500; x_wconf 80' lang='grc'>7.</span> <span class='ocrx_word' id='word_1_4' title='bbox 1168 443 1231 508; x_wconf 80' lang='grc'>249</span> 
     </span>
    </p>
   </div>
   <div class='ocr_carea' id='block_1_2' title="bbox 78 621 1282 2905">
    <p class='ocr_par' dir='ltr' id='par_1_2' title="bbox 83 621 1231 1021">
     <span class='ocr_line' id='line_1_2' title="bbox 88 621 1231 712; baseline -0.005 -20"><span class='ocrx_word' id='word_1_5' title='bbox 88 645 168 710; x_wconf 88' lang='lat' dir='ltr'>quas</span> <span class='ocrx_word' id='word_1_6' title='bbox 192 645 255 691; x_wconf 93' lang='lat' dir='ltr'>non</span> <span class='ocrx_word' id='word_1_7' title='bbox 279 626 437 712; x_wconf 79' lang='lat' dir='ltr'>angelum,</span> <span class='ocrx_word' id='word_1_8' title='bbox 461 644 523 692; x_wconf 91' lang='lat' dir='ltr'>nou</span> <span class='ocrx_word' id='word_1_9' title='bbox 547 623 781 709; x_wconf 79' lang='lat' dir='ltr'>archangelum,</span> <span class='ocrx_word' id='word_1_10' title='bbox 805 622 859 686; x_wconf 90' lang='lat' dir='ltr'>sed</span> <span class='ocrx_word' id='word_1_11' title='bbox 882 621 968 686; x_wconf 91' lang='lat' dir='ltr'>misit</span> <span class='ocrx_word' id='word_1_12' title='bbox 990 621 1083 685; x_wconf 92' lang='lat' dir='ltr'>deum</span> <span class='ocrx_word' id='word_1_13' title='bbox 1106 621 1145 685; x_wconf 87' lang='lat' dir='ltr'>ad</span> <span class='ocrx_word' id='word_1_14' title='bbox 1167 623 1231 686; x_wconf 93' lang='lat' dir='ltr'>ter·</span> 
     </span>
     <span class='ocr_line' id='line_1_3' title="bbox 86 725 1231 816; baseline -0.005 -20"><span class='ocrx_word' id='word_1_15' title='bbox 86 750 147 796; x_wconf 87' lang='lat' dir='ltr'>ras.</span> <span class='ocrx_word' id='word_1_16' title='bbox 197 749 291 814; x_wconf 88' lang='lat' dir='ltr'>quam</span> <span class='ocrx_word' id='word_1_17' title='bbox 324 731 429 816; x_wconf 79' lang='lat' dir='ltr'>grume</span> <span class='ocrx_word' id='word_1_18' title='bbox 465 731 506 795; x_wconf 88' lang='lat' dir='ltr'>sit</span> <span class='ocrx_word' id='word_1_19' title='bbox 539 730 670 814; x_wconf 89' lang='lat' dir='ltr'>peccati,</span> <span class='ocrx_word' id='word_1_20' title='bbox 706 747 800 811; x_wconf 91' lang='lat' dir='ltr'>quam</span> <span class='ocrx_word' id='word_1_21' title='bbox 836 727 914 792; x_wconf 88' lang='lat' dir='ltr'>dura</span> <span class='ocrx_word' id='word_1_22' title='bbox 947 725 1094 806; x_wconf 89' lang='lat' dir='ltr'>condicio,</span> <span class='ocrx_word' id='word_1_23' title='bbox 1128 725 1231 808; x_wconf 89' lang='lat' dir='ltr'>prodit</span> 
     </span>
     <span class='ocr_line' id='line_1_4' title="bbox 83 829 1230 920; baseline -0.005 -20"><span class='ocrx_word' id='word_1_24' title='bbox 83 836 219 900; x_wconf 86' lang='lat' dir='ltr'>remedii</span> <span class='ocrx_word' id='word_1_25' title='bbox 241 835 434 920; x_wconf 79' lang='lat' dir='ltr'><strong>magnitudo.</strong></span> <span class='ocrx_word' id='word_1_26' title='bbox 480 839 598 918; x_wconf 91' lang='lat' dir='ltr'>quanta</span> <span class='ocrx_word' id='word_1_27' title='bbox 621 834 775 898; x_wconf 91' lang='lat' dir='ltr'>malorum</span> <span class='ocrx_word' id='word_1_28' title='bbox 798 831 949 896; x_wconf 86' lang='lat' dir='ltr'>discussio</span> <span class='ocrx_word' id='word_1_29' title='bbox 973 831 1041 911; x_wconf 89' lang='lat' dir='ltr'>erit,</span> <span class='ocrx_word' id='word_1_30' title='bbox 1065 847 1127 913; x_wconf 92' lang='lat' dir='ltr'>qua</span> <span class='ocrx_word' id='word_1_31' title='bbox 1142 829 1230 895; x_wconf 88' lang='lat' dir='ltr'>dam-</span> 
     </span>
     <span class='ocr_line' id='line_1_5' title="bbox 86 937 917 1021; baseline -0.005 -17"><span class='ocrx_word' id='word_1_32' title='bbox 86 939 258 1020; x_wconf 89' lang='lat' dir='ltr'>nabuntur,</span> <span class='ocrx_word' id='word_1_33' title='bbox 282 939 456 1005; x_wconf 90' lang='lat' dir='ltr'>sollicitudo</span> <span class='ocrx_word' id='word_1_34' title='bbox 479 939 604 1020; x_wconf 87' lang='lat' dir='ltr'>iudicat,</span> <span class='ocrx_word' id='word_1_35' title='bbox 629 957 690 1021; x_wconf 87' lang='lat' dir='ltr'>qua</span> <span class='ocrx_word' id='word_1_36' title='bbox 712 937 917 1002; x_wconf 90' lang='lat' dir='ltr'>redimuntur.</span> 
     </span>
    </p>

    <p class='ocr_par' dir='ltr' id='par_1_3' title="bbox 81 1040 1282 2276">
     <span class='ocr_line' id='line_1_6' title="bbox 129 1040 1282 1130; baseline -0.003 -20"><span class='ocrx_word' id='word_1_37' title='bbox 129 1044 227 1110; x_wconf 90' lang='lat' dir='ltr'>Omni</span> <span class='ocrx_word' id='word_1_38' title='bbox 243 1063 316 1130; x_wconf 87' lang='lat' dir='ltr'>ergo</span> <span class='ocrx_word' id='word_1_39' title='bbox 339 1045 502 1130; x_wconf 86' lang='lat' dir='ltr'>uigilantia</span> <span class='ocrx_word' id='word_1_40' title='bbox 525 1047 618 1126; x_wconf 81' lang='lat' dir='ltr'>atque</span> <span class='ocrx_word' id='word_1_41' title='bbox 642 1042 802 1126; x_wconf 78' lang='lat' dir='ltr'>diligentia</span> <span class='ocrx_word' id='word_1_42' title='bbox 823 1058 1002 1120; x_wconf 89' lang='lat' dir='ltr'>caueamus,</span> <span class='ocrx_word' id='word_1_43' title='bbox 1024 1058 1064 1104; x_wconf 90' lang='lat' dir='ltr'>ne</span> <span class='ocrx_word' id='word_1_44' title='bbox 1086 1040 1231 1105; x_wconf 85' lang='lat' dir='ltr'>uulnerat</span> <span class='ocrx_word' id='word_1_45' title='bbox 1269 1069 1282 1108; x_wconf 83' lang='lat' dir='ltr'>s</span> 
     </span>
     <span class='ocr_line' id='line_1_7' title="bbox 83 1143 1230 1231; baseline -0.004 -18"><span class='ocrx_word' id='word_1_46' title='bbox 83 1148 241 1229; x_wconf 92' lang='lat' dir='ltr'>diabolus,</span> <span class='ocrx_word' id='word_1_47' title='bbox 262 1149 343 1231; x_wconf 89' lang='lat' dir='ltr'>quod</span> <span class='ocrx_word' id='word_1_48' title='bbox 359 1150 483 1214; x_wconf 88' lang='lat' dir='ltr'>sanauit</span> <span class='ocrx_word' id='word_1_49' title='bbox 498 1149 584 1229; x_wconf 91' lang='lat' dir='ltr'>deus,</span> <span class='ocrx_word' id='word_1_50' title='bbox 608 1167 647 1212; x_wconf 93' lang='lat' dir='ltr'>ne</span> <span class='ocrx_word' id='word_1_51' title='bbox 662 1167 718 1231; x_wconf 93' lang='lat' dir='ltr'>per</span> <span class='ocrx_word' id='word_1_52' title='bbox 732 1163 920 1211; x_wconf 89' lang='lat' dir='ltr'>consensum</span> <span class='ocrx_word' id='word_1_53' title='bbox 936 1144 1047 1225; x_wconf 91' lang='lat' dir='ltr'>cordis,</span> <span class='ocrx_word' id='word_1_54' title='bbox 1070 1163 1125 1228; x_wconf 90' lang='lat' dir='ltr'>per</span> <span class='ocrx_word' id='word_1_55' title='bbox 1140 1143 1230 1229; x_wconf 85' lang='lat' dir='ltr'>flagi·</span> 
     </span>
     <span class='ocr_line' id='line_1_8' title="bbox 84 1249 1229 1337; baseline -0.003 -19"><span class='ocrx_word' id='word_1_56' title='bbox 84 1253 165 1318; x_wconf 92' lang='lat' dir='ltr'>tium</span> <span class='ocrx_word' id='word_1_57' title='bbox 190 1253 326 1337; x_wconf 88' lang='lat' dir='ltr'>eorporis</span> <span class='ocrx_word' id='word_1_58' title='bbox 349 1254 545 1334; x_wconf 88' lang='lat' dir='ltr'>seruitutem,</span> <span class='ocrx_word' id='word_1_59' title='bbox 573 1249 668 1336; x_wconf 86' lang='lat' dir='ltr'>quam</span> <span class='ocrx_word' id='word_1_60' title='bbox 692 1251 842 1316; x_wconf 89' lang='lat' dir='ltr'>debemus</span> <span class='ocrx_word' id='word_1_61' title='bbox 866 1250 992 1314; x_wconf 92' lang='lat' dir='ltr'>domino</span> <span class='ocrx_word' id='word_1_62' title='bbox 1020 1249 1121 1332; x_wconf 85' lang='lat' dir='ltr'>magis</span> <span class='ocrx_word' id='word_1_63' title='bbox 1145 1249 1229 1314; x_wconf 85' lang='lat' dir='ltr'>exhi·</span> 
     </span>
     <span class='ocr_line' id='line_1_9' title="bbox 82 1353 1229 1441; baseline -0.003 -19"><span class='ocrx_word' id='word_1_64' title='bbox 82 1358 173 1438; x_wconf 91' lang='lat' dir='ltr'>bere,</span> <span class='ocrx_word' id='word_1_65' title='bbox 209 1357 414 1441; x_wconf 90' lang='lat' dir='ltr'>praebeamus</span> <span class='ocrx_word' id='word_1_66' title='bbox 450 1358 585 1422; x_wconf 90' lang='lat' dir='ltr'>inimico.</span> <span class='ocrx_word' id='word_1_67' title='bbox 631 1360 663 1422; x_wconf 90' lang='lat' dir='ltr'>et</span> <span class='ocrx_word' id='word_1_68' title='bbox 692 1356 817 1439; x_wconf 90' lang='lat' dir='ltr'>quidem</span> <span class='ocrx_word' id='word_1_69' title='bbox 848 1355 874 1419; x_wconf 91' lang='lat' dir='ltr'>si</span> <span class='ocrx_word' id='word_1_70' title='bbox 904 1354 974 1436; x_wconf 91' lang='lat' dir='ltr'>quis</span> <span class='ocrx_word' id='word_1_71' title='bbox 1005 1353 1160 1418; x_wconf 91' lang='lat' dir='ltr'>uiolentus</span> <span class='ocrx_word' id='word_1_72' title='bbox 1193 1371 1229 1419; x_wconf 89' lang='lat' dir='ltr'>ac</span> 
     </span>
     <span class='ocr_line' id='line_1_10' title="bbox 82 1457 1228 1545; baseline -0.003 -19"><span class='ocrx_word' id='word_1_73' title='bbox 82 1465 271 1545; x_wconf 84' lang='lat' dir='ltr'>praepotens</span> <span class='ocrx_word' id='word_1_74' title='bbox 298 1462 414 1545; x_wconf 89' lang='lat' dir='ltr'>aliquid</span> <span class='ocrx_word' id='word_1_75' title='bbox 437 1463 475 1526; x_wconf 93' lang='lat' dir='ltr'>de</span> <span class='ocrx_word' id='word_1_76' title='bbox 497 1463 646 1526; x_wconf 70' lang='lat' dir='ltr'>facultate</span> <span class='ocrx_word' id='word_1_77' title='bbox 669 1465 777 1526; x_wconf 89' lang='lat' dir='ltr'>nostra</span> <span class='ocrx_word' id='word_1_78' title='bbox 793 1478 829 1524; x_wconf 91' lang='lat' dir='ltr'>ac</span> <span class='ocrx_word' id='word_1_79' title='bbox 851 1459 1039 1543; x_wconf 76' lang='lat' dir='ltr'>proprietate</span> <span class='ocrx_word' id='word_1_80' title='bbox 1062 1457 1228 1542; x_wconf 87' lang='lat' dir='ltr'>rapuisset,</span> 
     </span>
     <span class='ocr_line' id='line_1_11' title="bbox 82 1563 1280 1652; baseline 0.002 -22"><span class='ocrx_word' id='word_1_81' title='bbox 82 1585 187 1631; x_wconf 91' lang='lat' dir='ltr'>nonne</span> <span class='ocrx_word' id='word_1_82' title='bbox 208 1567 338 1652; x_wconf 88' lang='lat' dir='ltr'>dignum</span> <span class='ocrx_word' id='word_1_83' title='bbox 362 1585 486 1632; x_wconf 93' lang='lat' dir='ltr'>summo</span> <span class='ocrx_word' id='word_1_84' title='bbox 502 1567 571 1632; x_wconf 93' lang='lat' dir='ltr'>odio</span> <span class='ocrx_word' id='word_1_85' title='bbox 587 1567 781 1645; x_wconf 75' lang='lat' dir='ltr'>duceremus,</span> <span class='ocrx_word' id='word_1_86' title='bbox 805 1583 908 1630; x_wconf 92' lang='lat' dir='ltr'>nonne</span> <span class='ocrx_word' id='word_1_87' title='bbox 931 1563 1041 1628; x_wconf 88' lang='lat' dir='ltr'>merito</span> <span class='ocrx_word' id='word_1_88' title='bbox 1064 1567 1227 1645; x_wconf 86' lang='lat' dir='ltr'>tamquam</span> <span class='ocrx_word' id='word_1_89' title='bbox 1256 1593 1280 1632; x_wconf 83' lang='grc' dir='ltr'>ιο</span> 
     </span>
     <span class='ocr_line' id='line_1_12' title="bbox 81 1667 1227 1753; baseline -0.003 -19"><span class='ocrx_word' id='word_1_90' title='bbox 81 1670 207 1734; x_wconf 89' lang='lat' dir='ltr'>bostem</span> <span class='ocrx_word' id='word_1_91' title='bbox 231 1671 481 1736; x_wconf 85' lang='lat' dir='ltr'>detestaremur?</span> <span class='ocrx_word' id='word_1_92' title='bbox 519 1674 552 1735; x_wconf 91' lang='lat' dir='ltr'>et</span> <span class='ocrx_word' id='word_1_93' title='bbox 573 1689 633 1753; x_wconf 89' lang='lat' dir='ltr'>quo</span> <span class='ocrx_word' id='word_1_94' title='bbox 656 1671 783 1735; x_wconf 72' lang='lat' dir='ltr'>medem</span> <span class='ocrx_word' id='word_1_95' title='bbox 806 1669 910 1733; x_wconf 89' lang='lat' dir='ltr'>animo</span> <span class='ocrx_word' id='word_1_96' title='bbox 933 1667 1054 1732; x_wconf 89' lang='lat' dir='ltr'>diabolo</span> <span class='ocrx_word' id='word_1_97' title='bbox 1077 1686 1133 1750; x_wconf 91' lang='lat' dir='ltr'>per</span> <span class='ocrx_word' id='word_1_98' title='bbox 1154 1685 1227 1750; x_wconf 90' lang='lat' dir='ltr'>pec·</span> 
     </span>
     <span class='ocr_line' id='line_1_13' title="bbox 82 1771 1225 1866; baseline -0.003 -27"><span class='ocrx_word' id='word_1_99' title='bbox 82 1779 190 1839; x_wconf 90' lang='lat' dir='ltr'>catum</span> <span class='ocrx_word' id='word_1_100' title='bbox 218 1775 457 1866; x_wconf 81' lang='lat' dir='ltr'>consentimus,</span> <span class='ocrx_word' id='word_1_101' title='bbox 471 1775 524 1858; x_wconf 91' lang='lat' dir='ltr'>qui</span> <span class='ocrx_word' id='word_1_102' title='bbox 551 1774 641 1841; x_wconf 93' lang='lat' dir='ltr'>nobis</span> <span class='ocrx_word' id='word_1_103' title='bbox 669 1773 879 1839; x_wconf 83' lang='lat' dir='ltr'>substantiam</span> <span class='ocrx_word' id='word_1_104' title='bbox 907 1789 969 1836; x_wconf 91' lang='lat' dir='ltr'>non</span> <span class='ocrx_word' id='word_1_105' title='bbox 997 1771 1066 1836; x_wconf 92' lang='lat' dir='ltr'>uult</span> <span class='ocrx_word' id='word_1_106' title='bbox 1093 1771 1225 1853; x_wconf 80' lang='lat' dir='ltr'>auterre,</span> 
     </span>
     <span class='ocr_line' id='line_1_14' title="bbox 81 1875 1226 1960; baseline -0.002 -17"><span class='ocrx_word' id='word_1_107' title='bbox 81 1880 135 1944; x_wconf 90' lang='lat' dir='ltr'>sed</span> <span class='ocrx_word' id='word_1_108' title='bbox 159 1879 270 1960; x_wconf 90' lang='lat' dir='ltr'>uitam,</span> <span class='ocrx_word' id='word_1_109' title='bbox 294 1898 355 1944; x_wconf 93' lang='lat' dir='ltr'>non</span> <span class='ocrx_word' id='word_1_110' title='bbox 371 1883 487 1946; x_wconf 85' lang='lat' dir='ltr'>terram</span> <span class='ocrx_word' id='word_1_111' title='bbox 510 1879 665 1960; x_wconf 87' lang='lat' dir='ltr'>fraudare,</span> <span class='ocrx_word' id='word_1_112' title='bbox 688 1879 743 1943; x_wconf 89' lang='lat' dir='ltr'>sed</span> <span class='ocrx_word' id='word_1_113' title='bbox 766 1879 898 1958; x_wconf 89' lang='lat' dir='ltr'>caelum,</span> <span class='ocrx_word' id='word_1_114' title='bbox 922 1894 984 1942; x_wconf 93' lang='lat' dir='ltr'>uon</span> <span class='ocrx_word' id='word_1_115' title='bbox 1000 1875 1078 1940; x_wconf 90' lang='lat' dir='ltr'>fines</span> <span class='ocrx_word' id='word_1_116' title='bbox 1101 1894 1226 1960; x_wconf 89' lang='lat' dir='ltr'>posses-</span> 
     </span>
     <span class='ocr_line' id='line_1_15' title="bbox 81 1979 1225 2068; baseline -0.002 -20"><span class='ocrx_word' id='word_1_117' title='bbox 81 1983 179 2048; x_wconf 85' lang='lat' dir='ltr'>sionis</span> <span class='ocrx_word' id='word_1_118' title='bbox 195 1988 375 2068; x_wconf 83' lang='lat' dir='ltr'>angustare,</span> <span class='ocrx_word' id='word_1_119' title='bbox 398 1985 453 2049; x_wconf 91' lang='lat' dir='ltr'>sed</span> <span class='ocrx_word' id='word_1_120' title='bbox 475 1983 596 2048; x_wconf 87' lang='lat' dir='ltr'>infinita</span> <span class='ocrx_word' id='word_1_121' title='bbox 618 1983 722 2067; x_wconf 88' lang='lat' dir='ltr'>spatia</span> <span class='ocrx_word' id='word_1_122' title='bbox 743 1982 959 2048; x_wconf 79' lang='lat' dir='ltr'>aeternitatis?</span> <span class='ocrx_word' id='word_1_123' title='bbox 993 1981 1074 2045; x_wconf 88' lang='lat' dir='ltr'>inter</span> <span class='ocrx_word' id='word_1_124' title='bbox 1096 1979 1184 2061; x_wconf 91' lang='lat' dir='ltr'>haec,</span> <span class='ocrx_word' id='word_1_125' title='bbox 1207 1999 1225 2046; x_wconf 92' lang='lat' dir='ltr'>o</span> 
     </span>
     <span class='ocr_line' id='line_1_16' title="bbox 81 2085 1277 2173; baseline 0.002 -22"><span class='ocrx_word' id='word_1_126' title='bbox 81 2087 185 2169; x_wconf 85' lang='lat' dir='ltr'>bomo,</span> <span class='ocrx_word' id='word_1_127' title='bbox 210 2089 236 2153; x_wconf 93' lang='lat' dir='ltr'>si</span> <span class='ocrx_word' id='word_1_128' title='bbox 252 2089 435 2173; x_wconf 89' lang='lat' dir='ltr'>dignitatem</span> <span class='ocrx_word' id='word_1_129' title='bbox 460 2089 600 2154; x_wconf 85' lang='lat' dir='ltr'>facturae</span> <span class='ocrx_word' id='word_1_130' title='bbox 624 2093 706 2170; x_wconf 86' lang='lat' dir='ltr'>tuae,</span> <span class='ocrx_word' id='word_1_131' title='bbox 730 2089 756 2152; x_wconf 91' lang='lat' dir='ltr'>si</span> <span class='ocrx_word' id='word_1_132' title='bbox 777 2087 928 2170; x_wconf 89' lang='lat' dir='ltr'>pietatem</span> <span class='ocrx_word' id='word_1_133' title='bbox 951 2085 1034 2150; x_wconf 89' lang='lat' dir='ltr'>eirca</span> <span class='ocrx_word' id='word_1_134' title='bbox 1055 2089 1086 2150; x_wconf 90' lang='lat' dir='ltr'>te</span> <span class='ocrx_word' id='word_1_135' title='bbox 1106 2085 1225 2150; x_wconf 90' lang='lat' dir='ltr'>domini</span> <span class='ocrx_word' id='word_1_136' title='bbox 1252 2115 1277 2153; x_wconf 80' lang='lat' dir='ltr'>rs</span> 
     </span>
     <span class='ocr_line' id='line_1_17' title="bbox 81 2189 1223 2276; baseline -0.002 -20"><span class='ocrx_word' id='word_1_137' title='bbox 81 2194 126 2258; x_wconf 92' lang='lat' dir='ltr'>tui</span> <span class='ocrx_word' id='word_1_138' title='bbox 148 2193 286 2259; x_wconf 87' lang='lat' dir='ltr'>uolueris</span> <span class='ocrx_word' id='word_1_139' title='bbox 311 2194 475 2259; x_wconf 87' lang='lat' dir='ltr'>aestimare</span> <span class='ocrx_word' id='word_1_140' title='bbox 492 2194 530 2258; x_wconf 92' lang='lat' dir='ltr'>de</span> <span class='ocrx_word' id='word_1_141' title='bbox 552 2195 663 2276; x_wconf 91' lang='lat' dir='ltr'>pretio,</span> <span class='ocrx_word' id='word_1_142' title='bbox 686 2193 803 2276; x_wconf 91' lang='lat' dir='ltr'>poteris</span> <span class='ocrx_word' id='word_1_143' title='bbox 820 2209 881 2256; x_wconf 93' lang='lat' dir='ltr'>non</span> <span class='ocrx_word' id='word_1_144' title='bbox 898 2190 1040 2254; x_wconf 87' lang='lat' dir='ltr'>dubitare</span> <span class='ocrx_word' id='word_1_145' title='bbox 1057 2189 1095 2255; x_wconf 93' lang='lat' dir='ltr'>de</span> <span class='ocrx_word' id='word_1_146' title='bbox 1118 2207 1223 2274; x_wconf 86' lang='lat' dir='ltr'>reguo.</span> 
     </span>
    </p>

    <p class='ocr_par' dir='ltr' id='par_1_4' title="bbox 78 2293 1275 2905">
     <span class='ocr_line' id='line_1_18' title="bbox 122 2293 1226 2381; baseline -0.005 -17"><span class='ocrx_word' id='word_1_147' title='bbox 122 2298 216 2378; x_wconf 83' lang='lat' dir='ltr'>Illud,</span> <span class='ocrx_word' id='word_1_148' title='bbox 239 2298 351 2363; x_wconf 82' lang='lat' dir='ltr'>tratres</span> <span class='ocrx_word' id='word_1_149' title='bbox 367 2299 530 2380; x_wconf 80' lang='lat' dir='ltr'>carissimi,</span> <span class='ocrx_word' id='word_1_150' title='bbox 554 2299 634 2381; x_wconf 90' lang='lat' dir='ltr'>quod</span> <span class='ocrx_word' id='word_1_151' title='bbox 651 2298 698 2362; x_wconf 90' lang='lat' dir='ltr'>die</span> <span class='ocrx_word' id='word_1_152' title='bbox 721 2298 812 2362; x_wconf 90' lang='lat' dir='ltr'>tertia</span> <span class='ocrx_word' id='word_1_153' title='bbox 828 2295 952 2379; x_wconf 93' lang='lat' dir='ltr'>nuptias</span> <span class='ocrx_word' id='word_1_154' title='bbox 975 2294 1074 2359; x_wconf 87' lang='lat' dir='ltr'>laetas</span> <span class='ocrx_word' id='word_1_155' title='bbox 1090 2295 1121 2359; x_wconf 94' lang='lat' dir='ltr'>in</span> <span class='ocrx_word' id='word_1_156' title='bbox 1139 2293 1226 2360; x_wconf 82' lang='lat' dir='ltr'>Cana</span> 
     </span>
     <span class='ocr_line' id='line_1_19' title="bbox 79 2399 1223 2487; baseline -0.001 -20"><span class='ocrx_word' id='word_1_157' title='bbox 79 2401 240 2468; x_wconf 85' lang='lat' dir='ltr'>Galilaeae</span> <span class='ocrx_word' id='word_1_158' title='bbox 264 2407 296 2468; x_wconf 89' lang='lat' dir='ltr'>et</span> <span class='ocrx_word' id='word_1_159' title='bbox 311 2404 393 2486; x_wconf 89' lang='lat' dir='ltr'>quod</span> <span class='ocrx_word' id='word_1_160' title='bbox 416 2422 531 2487; x_wconf 88' lang='lat' dir='ltr'>aquam</span> <span class='ocrx_word' id='word_1_161' title='bbox 553 2405 586 2468; x_wconf 91' lang='lat' dir='ltr'>in</span> <span class='ocrx_word' id='word_1_162' title='bbox 600 2404 675 2468; x_wconf 89' lang='lat' dir='ltr'>uina</span> <span class='ocrx_word' id='word_1_163' title='bbox 697 2419 883 2468; x_wconf 90' lang='lat' dir='ltr'>conuersam</span> <span class='ocrx_word' id='word_1_164' title='bbox 904 2401 1002 2465; x_wconf 88' lang='lat' dir='ltr'>luisse</span> <span class='ocrx_word' id='word_1_165' title='bbox 1025 2399 1127 2481; x_wconf 93' lang='lat' dir='ltr'>modo,</span> <span class='ocrx_word' id='word_1_166' title='bbox 1151 2419 1223 2466; x_wconf 91' lang='lat' dir='ltr'>eum</span> 
     </span>
     <span class='ocr_line' id='line_1_20' title="bbox 80 2505 1224 2593; baseline 0 -23"><span class='ocrx_word' id='word_1_167' title='bbox 80 2507 281 2592; x_wconf 87' lang='lat' dir='ltr'>euangelium</span> <span class='ocrx_word' id='word_1_168' title='bbox 311 2509 478 2593; x_wconf 86' lang='lat' dir='ltr'>legeretur,</span> <span class='ocrx_word' id='word_1_169' title='bbox 508 2508 697 2588; x_wconf 89' lang='lat' dir='ltr'>audiuimus,</span> <span class='ocrx_word' id='word_1_170' title='bbox 728 2506 907 2586; x_wconf 86' lang='lat' dir='ltr'>uideamus,</span> <span class='ocrx_word' id='word_1_171' title='bbox 937 2523 1018 2588; x_wconf 87' lang='lat' dir='ltr'>quae</span> <span class='ocrx_word' id='word_1_172' title='bbox 1048 2507 1122 2570; x_wconf 90' lang='lat' dir='ltr'>sunt</span> <span class='ocrx_word' id='word_1_173' title='bbox 1151 2505 1224 2570; x_wconf 89' lang='lat' dir='ltr'>illae</span> 
     </span>
     <span class='ocr_line' id='line_1_21' title="bbox 79 2610 1275 2696; baseline 0.003 -21"><span class='ocrx_word' id='word_1_174' title='bbox 79 2613 215 2696; x_wconf 87' lang='lat' dir='ltr'>nuptiae.</span> <span class='ocrx_word' id='word_1_175' title='bbox 269 2613 320 2677; x_wconf 91' lang='lat' dir='ltr'>hie</span> <span class='ocrx_word' id='word_1_176' title='bbox 351 2613 519 2696; x_wconf 88' lang='lat' dir='ltr'>adquisitio</span> <span class='ocrx_word' id='word_1_177' title='bbox 549 2613 600 2678; x_wconf 94' lang='lat' dir='ltr'>uel</span> <span class='ocrx_word' id='word_1_178' title='bbox 633 2611 789 2696; x_wconf 88' lang='lat' dir='ltr'>reparatio</span> <span class='ocrx_word' id='word_1_179' title='bbox 820 2614 928 2676; x_wconf 86' lang='lat' dir='ltr'>nostre</span> <span class='ocrx_word' id='word_1_180' title='bbox 957 2611 1038 2676; x_wconf 92' lang='lat' dir='ltr'>uotis</span> <span class='ocrx_word' id='word_1_181' title='bbox 1070 2613 1102 2675; x_wconf 89' lang='lat' dir='ltr'>et</span> <span class='ocrx_word' id='word_1_182' title='bbox 1133 2610 1222 2676; x_wconf 87' lang='lat' dir='ltr'>festis</span> <span class='ocrx_word' id='word_1_183' title='bbox 1250 2639 1275 2678; x_wconf 79' lang='lat' dir='ltr'>ao</span> 
     </span>
     <span class='ocr_line' id='line_1_22' title="bbox 79 2715 1222 2798; baseline 0.001 -20"><span class='ocrx_word' id='word_1_184' title='bbox 79 2715 272 2798; x_wconf 88' lang='lat' dir='ltr'>nuptialibus</span> <span class='ocrx_word' id='word_1_185' title='bbox 289 2717 532 2798; x_wconf 91' lang='lat' dir='ltr'>demonstratur,</span> <span class='ocrx_word' id='word_1_186' title='bbox 557 2717 637 2782; x_wconf 91' lang='lat' dir='ltr'>sicut</span> <span class='ocrx_word' id='word_1_187' title='bbox 658 2717 690 2781; x_wconf 92' lang='lat' dir='ltr'>iu</span> <span class='ocrx_word' id='word_1_188' title='bbox 710 2715 770 2781; x_wconf 89' lang='lat' dir='ltr'>alio</span> <span class='ocrx_word' id='word_1_189' title='bbox 793 2717 860 2780; x_wconf 93' lang='lat' dir='ltr'>loco</span> <span class='ocrx_word' id='word_1_190' title='bbox 881 2733 953 2779; x_wconf 91' lang='lat' dir='ltr'>oum</span> <span class='ocrx_word' id='word_1_191' title='bbox 969 2716 1062 2780; x_wconf 89' lang='lat' dir='ltr'>choro</span> <span class='ocrx_word' id='word_1_192' title='bbox 1086 2719 1117 2780; x_wconf 91' lang='lat' dir='ltr'>et</span> <span class='ocrx_word' id='word_1_193' title='bbox 1137 2734 1222 2798; x_wconf 84' lang='lat' dir='ltr'>sym-</span> 
     </span>
     <span class='ocr_line' id='line_1_23' title="bbox 78 2819 1223 2905; baseline 0 -21"><span class='ocrx_word' id='word_1_194' title='bbox 78 2819 196 2902; x_wconf 89' lang='lat' dir='ltr'>phonia</span> <span class='ocrx_word' id='word_1_195' title='bbox 219 2821 338 2886; x_wconf 90' lang='lat' dir='ltr'>reditus</span> <span class='ocrx_word' id='word_1_196' title='bbox 361 2822 417 2886; x_wconf 89' lang='lat' dir='ltr'>filii</span> <span class='ocrx_word' id='word_1_197' title='bbox 439 2822 568 2887; x_wconf 91' lang='lat' dir='ltr'>iunioris</span> <span class='ocrx_word' id='word_1_198' title='bbox 592 2821 751 2905; x_wconf 84' lang='lat' dir='ltr'>excipitur.</span> <span class='ocrx_word' id='word_1_199' title='bbox 798 2839 851 2884; x_wconf 85' lang='lat' dir='ltr'>sex</span> <span class='ocrx_word' id='word_1_200' title='bbox 867 2823 974 2884; x_wconf 89' lang='lat' dir='ltr'>autem</span> <span class='ocrx_word' id='word_1_201' title='bbox 997 2819 1125 2902; x_wconf 84' lang='lat' dir='ltr'>hydriae</span> <span class='ocrx_word' id='word_1_202' title='bbox 1149 2823 1223 2884; x_wconf 92' lang='lat' dir='ltr'>sunt</span> 
     </span>
    </p>
   </div>
   <div class='ocr_carea' id='block_1_3' title="bbox 78 2922 1221 3111">
    <p class='ocr_par' dir='ltr' id='par_1_5' title="bbox 78 2922 1221 3111">
     <span class='ocr_line' id='line_1_24' title="bbox 78 2922 1221 3010; baseline 0.001 -24"><span class='ocrx_word' id='word_1_203' title='bbox 78 2944 132 2988; x_wconf 84' lang='lat' dir='ltr'>sex</span> <span class='ocrx_word' id='word_1_204' title='bbox 156 2925 265 2990; x_wconf 92' lang='lat' dir='ltr'>mundi</span> <span class='ocrx_word' id='word_1_205' title='bbox 288 2925 380 2990; x_wconf 90' lang='lat' dir='ltr'>huius</span> <span class='ocrx_word' id='word_1_206' title='bbox 397 2929 527 3006; x_wconf 89' lang='lat' dir='ltr'>aetates,</span> <span class='ocrx_word' id='word_1_207' title='bbox 550 2927 652 3010; x_wconf 91' lang='lat' dir='ltr'>prima</span> <span class='ocrx_word' id='word_1_208' title='bbox 674 2924 713 2990; x_wconf 90' lang='lat' dir='ltr'>ab</span> <span class='ocrx_word' id='word_1_209' title='bbox 725 2925 829 2990; x_wconf 86' lang='lat' dir='ltr'>Adam</span> <span class='ocrx_word' id='word_1_210' title='bbox 853 2943 951 3006; x_wconf 90' lang='lat' dir='ltr'>usque</span> <span class='ocrx_word' id='word_1_211' title='bbox 967 2923 1006 2988; x_wconf 91' lang='lat' dir='ltr'>ad</span> <span class='ocrx_word' id='word_1_212' title='bbox 1021 2922 1098 3004; x_wconf 90' lang='lat' dir='ltr'>Noe,</span> <span class='ocrx_word' id='word_1_213' title='bbox 1121 2923 1221 2990; x_wconf 89' lang='lat' dir='ltr'>aNoe</span> 
     </span>
     <span class='ocr_line' id='line_1_25' title="bbox 78 3027 1221 3111; baseline 0.001 -20"><span class='ocrx_word' id='word_1_214' title='bbox 78 3047 176 3110; x_wconf 85' lang='lat' dir='ltr'>usque</span> <span class='ocrx_word' id='word_1_215' title='bbox 204 3029 242 3093; x_wconf 90' lang='lat' dir='ltr'>ad</span> <span class='ocrx_word' id='word_1_216' title='bbox 271 3029 447 3111; x_wconf 85' lang='lat' dir='ltr'>Abraham,</span> <span class='ocrx_word' id='word_1_217' title='bbox 481 3030 520 3095; x_wconf 90' lang='lat' dir='ltr'>ab</span> <span class='ocrx_word' id='word_1_218' title='bbox 543 3029 707 3095; x_wconf 85' lang='lat' dir='ltr'>Abraham</span> <span class='ocrx_word' id='word_1_219' title='bbox 733 3047 832 3111; x_wconf 89' lang='lat' dir='ltr'>usque</span> <span class='ocrx_word' id='word_1_220' title='bbox 860 3027 899 3092; x_wconf 89' lang='lat' dir='ltr'>ad</span> <span class='ocrx_word' id='word_1_221' title='bbox 926 3028 1043 3108; x_wconf 89' lang='lat' dir='ltr'>Dauid,</span> <span class='ocrx_word' id='word_1_222' title='bbox 1074 3045 1093 3092; x_wconf 88' lang='lat' dir='ltr'>a</span> <span class='ocrx_word' id='word_1_223' title='bbox 1120 3027 1221 3092; x_wconf 89' lang='lat' dir='ltr'>Dauid</span> 
     </span>
    </p>
   </div>
   <div class='ocr_carea' id='block_1_4' title="bbox 75 3131 1273 3534">
    <p class='ocr_par' dir='ltr' id='par_1_6' title="bbox 75 3131 1273 3534">
     <span class='ocr_line' id='line_1_26' title="bbox 77 3131 1273 3220; baseline 0.003 -23"><span class='ocrx_word' id='word_1_224' title='bbox 77 3151 176 3214; x_wconf 91' lang='lat' dir='ltr'>usque</span> <span class='ocrx_word' id='word_1_225' title='bbox 199 3134 231 3198; x_wconf 94' lang='lat' dir='ltr'>in</span> <span class='ocrx_word' id='word_1_226' title='bbox 255 3135 562 3220; x_wconf 85' lang='lat' dir='ltr'>transmigrationem</span> <span class='ocrx_word' id='word_1_227' title='bbox 578 3134 758 3218; x_wconf 87' lang='lat' dir='ltr'>Babylonis,</span> <span class='ocrx_word' id='word_1_228' title='bbox 781 3153 800 3198; x_wconf 90' lang='lat' dir='ltr'>a</span> <span class='ocrx_word' id='word_1_229' title='bbox 823 3133 1097 3218; x_wconf 86' lang='lat' dir='ltr'>transmigratione</span> <span class='ocrx_word' id='word_1_230' title='bbox 1117 3131 1221 3217; x_wconf 86' lang='lat' dir='ltr'>Baby·</span> <span class='ocrx_word' id='word_1_231' title='bbox 1247 3161 1273 3201; x_wconf 76' lang='lat' dir='ltr'>aa</span> 
     </span>
     <span class='ocr_line' id='line_1_27' title="bbox 76 3237 1220 3324; baseline 0.002 -23"><span class='ocrx_word' id='word_1_232' title='bbox 76 3237 158 3302; x_wconf 92' lang='lat' dir='ltr'>lonis</span> <span class='ocrx_word' id='word_1_233' title='bbox 181 3257 280 3320; x_wconf 86' lang='lat' dir='ltr'>usque</span> <span class='ocrx_word' id='word_1_234' title='bbox 308 3239 347 3304; x_wconf 91' lang='lat' dir='ltr'>ad</span> <span class='ocrx_word' id='word_1_235' title='bbox 376 3239 549 3305; x_wconf 90' lang='lat' dir='ltr'>Iohannem</span> <span class='ocrx_word' id='word_1_236' title='bbox 572 3237 754 3324; x_wconf 88' lang='lat' dir='ltr'>baptistam.</span> <span class='ocrx_word' id='word_1_237' title='bbox 800 3238 913 3321; x_wconf 88' lang='lat' dir='ltr'>quibus</span> <span class='ocrx_word' id='word_1_238' title='bbox 941 3237 1134 3321; x_wconf 92' lang='lat' dir='ltr'>temporibus</span> <span class='ocrx_word' id='word_1_239' title='bbox 1157 3255 1220 3303; x_wconf 91' lang='lat' dir='ltr'>uon</span> 
     </span>
     <span class='ocr_line' id='line_1_28' title="bbox 76 3341 1219 3428; baseline 0.002 -24"><span class='ocrx_word' id='word_1_240' title='bbox 76 3341 178 3406; x_wconf 85' lang='lat' dir='ltr'>defuit</span> <span class='ocrx_word' id='word_1_241' title='bbox 199 3343 363 3428; x_wconf 89' lang='lat' dir='ltr'>prophetia</span> <span class='ocrx_word' id='word_1_242' title='bbox 392 3344 429 3408; x_wconf 90' lang='lat' dir='ltr'>de</span> <span class='ocrx_word' id='word_1_243' title='bbox 457 3343 591 3426; x_wconf 78' lang='lat' dir='ltr'>Christo,</span> <span class='ocrx_word' id='word_1_244' title='bbox 614 3363 669 3428; x_wconf 92' lang='lat' dir='ltr'>per</span> <span class='ocrx_word' id='word_1_245' title='bbox 692 3363 769 3426; x_wconf 88' lang='lat' dir='ltr'>quas</span> <span class='ocrx_word' id='word_1_246' title='bbox 794 3343 869 3408; x_wconf 91' lang='lat' dir='ltr'>iusti</span> <span class='ocrx_word' id='word_1_247' title='bbox 895 3342 1029 3426; x_wconf 88' lang='lat' dir='ltr'>figuram</span> <span class='ocrx_word' id='word_1_248' title='bbox 1056 3346 1089 3407; x_wconf 90' lang='lat' dir='ltr'>et</span> <span class='ocrx_word' id='word_1_249' title='bbox 1110 3347 1219 3427; x_wconf 84' lang='lat' dir='ltr'>typum</span> 
     </span>
     <span class='ocr_line' id='line_1_29' title="bbox 75 3445 1229 3534; baseline 0.003 -25"><span class='ocrx_word' id='word_1_250' title='bbox 75 3445 193 3513; x_wconf 90' lang='lat' dir='ltr'>domiui</span> <span class='ocrx_word' id='word_1_251' title='bbox 217 3449 441 3532; x_wconf 87' lang='lat' dir='ltr'>praetulerunt.</span> <span class='ocrx_word' id='word_1_252' title='bbox 487 3449 614 3534; x_wconf 90' lang='lat' dir='ltr'>capiunt</span> <span class='ocrx_word' id='word_1_253' title='bbox 641 3467 715 3515; x_wconf 91' lang='lat' dir='ltr'>uero</span> <span class='ocrx_word' id='word_1_254' title='bbox 739 3451 889 3514; x_wconf 87' lang='lat' dir='ltr'>metretas</span> <span class='ocrx_word' id='word_1_255' title='bbox 911 3447 1003 3512; x_wconf 86' lang='lat' dir='ltr'>binas</span> <span class='ocrx_word' id='word_1_256' title='bbox 1026 3447 1077 3513; x_wconf 91' lang='lat' dir='ltr'>uel</span> <span class='ocrx_word' id='word_1_257' title='bbox 1104 3447 1229 3530; x_wconf 86' lang='lat' dir='ltr'>ternas,¹</span> 
     </span>
    </p>
   </div>
   <div class='ocr_carea' id='block_1_5' title="bbox 70 3681 1218 4392">
    <p class='ocr_par' dir='ltr' id='par_1_7' title="bbox 70 3681 1218 4392">
     <span class='ocr_line' id='line_1_30' title="bbox 123 3681 1218 3755; baseline 0.002 -19"><span class='ocrx_word' id='word_1_258' title='bbox 123 3685 136 3737; x_wconf 91' lang='lat'>1</span> <span class='ocrx_word' id='word_1_259' title='bbox 157 3681 251 3754; x_wconf 78' lang='lat' dir='ltr'>terrea]</span> <span class='ocrx_word' id='word_1_260' title='bbox 271 3700 340 3754; x_wconf 60' lang='lat' dir='ltr'>prce</span> <span class='ocrx_word' id='word_1_261' title='bbox 357 3690 507 3754; x_wconf 65' lang='lat' dir='ltr'>aequorcus</span> <span class='ocrx_word' id='word_1_262' title='bbox 524 3685 601 3755; x_wconf 76' lang='lat' dir='ltr'>epod</span> <span class='ocrx_word' id='word_1_263' title='bbox 619 3685 775 3740; x_wconf 74' lang='lat' dir='ltr'>Mariorum</span> <span class='ocrx_word' id='word_1_264' title='bbox 793 3685 989 3754; x_wconf 78' lang='lat' dir='ltr'>infrop.256,</span> <span class='ocrx_word' id='word_1_265' title='bbox 1002 3687 1034 3737; x_wconf 87' lang='lat'>11</span> <span class='ocrx_word' id='word_1_266' title='bbox 1053 3683 1218 3754; x_wconf 78' lang='lat' dir='ltr'>cpuchu·</span> 
     </span>
     <span class='ocr_line' id='line_1_31' title="bbox 73 3769 1217 3841; baseline 0 -17"><span class='ocrx_word' id='word_1_267' title='bbox 73 3776 151 3824; x_wconf 65' lang='lat' dir='ltr'>aum</span> <span class='ocrx_word' id='word_1_268' title='bbox 166 3771 292 3841; x_wconf 67' lang='lat' dir='ltr'>tegamur</span> <span class='ocrx_word' id='word_1_269' title='bbox 343 3770 521 3826; x_wconf 75' lang='lat' dir='ltr'>acordeitio</span> <span class='ocrx_word' id='word_1_270' title='bbox 540 3773 569 3827; x_wconf 91' lang='lat' dir='ltr'><em>D</em></span> <span class='ocrx_word' id='word_1_271' title='bbox 621 3770 757 3827; x_wconf 73' lang='lat' dir='ltr'>tremedi</span> <span class='ocrx_word' id='word_1_272' title='bbox 775 3771 805 3826; x_wconf 91' lang='lat' dir='ltr'><em>D</em></span> <span class='ocrx_word' id='word_1_273' title='bbox 857 3769 1075 3840; x_wconf 85' lang='lat' dir='ltr'>dampnabuntur</span> <span class='ocrx_word' id='word_1_274' title='bbox 1087 3771 1124 3838; x_wconf 86' lang='lat' dir='ltr'>D,</span> <span class='ocrx_word' id='word_1_275' title='bbox 1142 3769 1217 3840; x_wconf 91' lang='lat' dir='ltr'>impii</span> 
     </span>
     <span class='ocr_line' id='line_1_32' title="bbox 73 3855 1218 3930; baseline 0.001 -20"><span class='ocrx_word' id='word_1_276' title='bbox 73 3855 143 3910; x_wconf 77' lang='lat' dir='ltr'>add.</span> <span class='ocrx_word' id='word_1_277' title='bbox 162 3859 230 3930; x_wconf 72' lang='lat' dir='ltr'>Aug.</span> <span class='ocrx_word' id='word_1_278' title='bbox 294 3857 504 3914; x_wconf 74' lang='lat' dir='ltr'>tredemuutur</span> <span class='ocrx_word' id='word_1_279' title='bbox 523 3858 614 3928; x_wconf 84' lang='lat' dir='ltr'>D,pii</span> <span class='ocrx_word' id='word_1_280' title='bbox 633 3859 697 3914; x_wconf 82' lang='lat' dir='ltr'>add.</span> <span class='ocrx_word' id='word_1_281' title='bbox 716 3859 788 3929; x_wconf 79' lang='lat' dir='ltr'>Aup.</span> <span class='ocrx_word' id='word_1_282' title='bbox 847 3855 1010 3913; x_wconf 78' lang='lat' dir='ltr'>fidiabulus</span> <span class='ocrx_word' id='word_1_283' title='bbox 1033 3857 1063 3912; x_wconf 90' lang='lat' dir='ltr'><em>D</em></span> <span class='ocrx_word' id='word_1_284' title='bbox 1123 3859 1218 3927; x_wconf 81' lang='lat' dir='ltr'>apro·</span> 
     </span>
     <span class='ocr_line' id='line_1_33' title="bbox 72 3941 1217 4018; baseline 0.002 -23"><span class='ocrx_word' id='word_1_285' title='bbox 72 3941 252 4016; x_wconf 78' lang='lat' dir='ltr'>bemurAup.</span> <span class='ocrx_word' id='word_1_286' title='bbox 307 3945 450 4001; x_wconf 79' lang='lat' dir='ltr'>uiolentius</span> <span class='ocrx_word' id='word_1_287' title='bbox 463 3947 493 4002; x_wconf 92' lang='lat' dir='ltr'><em>D</em></span> <span class='ocrx_word' id='word_1_288' title='bbox 547 3945 759 4018; x_wconf 67' lang='lat' dir='ltr'>lbdulegremus</span> <span class='ocrx_word' id='word_1_289' title='bbox 772 3947 801 4001; x_wconf 94' lang='lat' dir='ltr'><em>D</em></span> <span class='ocrx_word' id='word_1_290' title='bbox 856 3949 884 4002; x_wconf 93' lang='lat' dir='ltr'>ll</span> <span class='ocrx_word' id='word_1_291' title='bbox 900 3943 1008 4000; x_wconf 87' lang='lat' dir='ltr'>diabulo</span> <span class='ocrx_word' id='word_1_292' title='bbox 1021 3945 1051 4000; x_wconf 94' lang='lat' dir='ltr'><em>D</em></span> <span class='ocrx_word' id='word_1_293' title='bbox 1100 3947 1131 4002; x_wconf 82' lang='lat' dir='ltr'>la</span> <span class='ocrx_word' id='word_1_294' title='bbox 1144 3943 1217 3998; x_wconf 82' lang='lat' dir='ltr'>irau-</span> 
     </span>
     <span class='ocr_line' id='line_1_34' title="bbox 73 4029 1218 4104; baseline 0.004 -21"><span class='ocrx_word' id='word_1_295' title='bbox 73 4029 140 4084; x_wconf 80' lang='lat' dir='ltr'>dere</span> <span class='ocrx_word' id='word_1_296' title='bbox 164 4031 191 4086; x_wconf 95' lang='lat' dir='ltr'><em>D</em></span> <span class='ocrx_word' id='word_1_297' title='bbox 243 4035 274 4090; x_wconf 77' lang='lat'>14</span> <span class='ocrx_word' id='word_1_298' title='bbox 293 4049 309 4086; x_wconf 93' lang='lat' dir='ltr'>o</span> <span class='ocrx_word' id='word_1_299' title='bbox 328 4032 397 4102; x_wconf 71' lang='lat' dir='ltr'>dimo</span> <span class='ocrx_word' id='word_1_300' title='bbox 416 4033 445 4088; x_wconf 93' lang='lat' dir='ltr'><em>D</em></span> <span class='ocrx_word' id='word_1_301' title='bbox 500 4035 530 4090; x_wconf 81' lang='lat'>17</span> <span class='ocrx_word' id='word_1_302' title='bbox 550 4033 653 4088; x_wconf 85' lang='lat' dir='ltr'>chanan</span> <span class='ocrx_word' id='word_1_303' title='bbox 672 4035 701 4088; x_wconf 96' lang='lat' dir='ltr'><em>D</em></span> <span class='ocrx_word' id='word_1_304' title='bbox 760 4036 792 4090; x_wconf 86' lang='lat'>18</span> <span class='ocrx_word' id='word_1_305' title='bbox 811 4033 874 4087; x_wconf 89' lang='lat' dir='ltr'>uina</span> <span class='ocrx_word' id='word_1_306' title='bbox 891 4034 991 4104; x_wconf 75' lang='lat' dir='ltr'>scripsi</span> <span class='ocrx_word' id='word_1_307' title='bbox 1008 4033 1218 4104; x_wconf 66' lang='lat' dir='ltr'>adpotus,</span> 
     </span>
     <span class='ocr_line' id='line_1_35' title="bbox 73 4117 1218 4191; baseline 0.003 -21"><span class='ocrx_word' id='word_1_308' title='bbox 73 4117 141 4170; x_wconf 88' lang='lat' dir='ltr'>uino</span> <span class='ocrx_word' id='word_1_309' title='bbox 161 4117 195 4186; x_wconf 92' lang='lat' dir='ltr'>D,</span> <span class='ocrx_word' id='word_1_310' title='bbox 213 4119 306 4174; x_wconf 86' lang='lat' dir='ltr'>uiuum</span> <span class='ocrx_word' id='word_1_311' title='bbox 323 4119 395 4191; x_wconf 74' lang='lat' dir='ltr'>Aug.</span> <span class='ocrx_word' id='word_1_312' title='bbox 471 4123 503 4176; x_wconf 84' lang='lat'>19</span> <span class='ocrx_word' id='word_1_313' title='bbox 520 4119 681 4190; x_wconf 74' lang='lat' dir='ltr'>euuangeliri</span> <span class='ocrx_word' id='word_1_314' title='bbox 700 4123 729 4176; x_wconf 95' lang='lat' dir='ltr'><em>D</em></span> <span class='ocrx_word' id='word_1_315' title='bbox 798 4119 843 4174; x_wconf 91' lang='lat' dir='ltr'>ille</span> <span class='ocrx_word' id='word_1_316' title='bbox 862 4121 892 4176; x_wconf 96' lang='lat' dir='ltr'><em>D</em></span> <span class='ocrx_word' id='word_1_317' title='bbox 961 4121 993 4176; x_wconf 81' lang='grc'>21</span> <span class='ocrx_word' id='word_1_318' title='bbox 1019 4119 1170 4188; x_wconf 86' lang='lat' dir='ltr'>simphonia</span> <span class='ocrx_word' id='word_1_319' title='bbox 1189 4120 1218 4174; x_wconf 93' lang='lat' dir='ltr'><em>D</em></span> 
     </span>
     <span class='ocr_line' id='line_1_36' title="bbox 70 4205 1216 4279; baseline 0 -19"><span class='ocrx_word' id='word_1_320' title='bbox 70 4205 107 4260; x_wconf 72' lang='lat'>2¹3</span> <span class='ocrx_word' id='word_1_321' title='bbox 128 4205 206 4258; x_wconf 83' lang='lat' dir='ltr'>etatis</span> <span class='ocrx_word' id='word_1_322' title='bbox 223 4207 253 4262; x_wconf 92' lang='lat' dir='ltr'><em>D</em></span> <span class='ocrx_word' id='word_1_323' title='bbox 304 4205 534 4277; x_wconf 83' lang='lat' dir='ltr'>prima-Christo</span> <span class='ocrx_word' id='word_1_324' title='bbox 551 4225 602 4264; x_wconf 80' lang='lat' dir='ltr'>om.</span> <span class='ocrx_word' id='word_1_325' title='bbox 622 4209 693 4279; x_wconf 77' lang='lat' dir='ltr'>Aup.</span> <span class='ocrx_word' id='word_1_326' title='bbox 752 4210 786 4264; x_wconf 77' lang='lat' dir='ltr'>al</span> <span class='ocrx_word' id='word_1_327' title='bbox 805 4207 881 4262; x_wconf 89' lang='lat' dir='ltr'>dauit</span> <span class='ocrx_word' id='word_1_328' title='bbox 899 4207 923 4275; x_wconf 74' lang='lat' dir='ltr'>al</span> <span class='ocrx_word' id='word_1_329' title='bbox 942 4205 1017 4261; x_wconf 87' lang='lat' dir='ltr'>dauit</span> <span class='ocrx_word' id='word_1_330' title='bbox 1034 4207 1064 4262; x_wconf 95' lang='lat' dir='ltr'><em>D</em></span> <span class='ocrx_word' id='word_1_331' title='bbox 1119 4209 1153 4263; x_wconf 80' lang='lat'>25</span> <span class='ocrx_word' id='word_1_332' title='bbox 1171 4205 1216 4260; x_wconf 89' lang='lat' dir='ltr'>ba-</span> 
     </span>
     <span class='ocr_line' id='line_1_37' title="bbox 70 4289 1216 4392; baseline 0.008 -49"><span class='ocrx_word' id='word_1_333' title='bbox 70 4289 174 4392; x_wconf 66' lang='lat' dir='ltr'>bilonia</span> <span class='ocrx_word' id='word_1_334' title='bbox 191 4293 220 4346; x_wconf 95' lang='lat' dir='ltr'><em>D</em></span> <span class='ocrx_word' id='word_1_335' title='bbox 235 4300 348 4366; x_wconf 72' lang='lat' dir='ltr'>utroque</span> <span class='ocrx_word' id='word_1_336' title='bbox 366 4295 423 4354; x_wconf 85' lang='lat' dir='ltr'>loco</span> <span class='ocrx_word' id='word_1_337' title='bbox 477 4295 741 4366; x_wconf 83' lang='lat' dir='ltr'>transmigrationem</span> <span class='ocrx_word' id='word_1_338' title='bbox 760 4297 789 4354; x_wconf 90' lang='lat' dir='ltr'><em>D</em></span> <span class='ocrx_word' id='word_1_339' title='bbox 841 4297 876 4353; x_wconf 78' lang='lat'>26</span> <span class='ocrx_word' id='word_1_340' title='bbox 893 4293 1013 4352; x_wconf 72' lang='lat' dir='ltr'>babtisti</span> <span class='ocrx_word' id='word_1_341' title='bbox 1027 4295 1056 4353; x_wconf 89' lang='lat' dir='ltr'><em>D</em></span> <span class='ocrx_word' id='word_1_342' title='bbox 1108 4295 1143 4352; x_wconf 79' lang='lat'>28</span> <span class='ocrx_word' id='word_1_343' title='bbox 1161 4309 1216 4352; x_wconf 84' lang='lat' dir='ltr'>me·</span> 
     </span>
    </p>
   </div>
   <div class='ocr_carea' id='block_1_6' title="bbox 71 4405 203 4462">
    <p class='ocr_par' dir='ltr' id='par_1_8' title="bbox 71 4405 203 4462">
     <span class='ocr_line' id='line_1_38' title="bbox 71 4405 203 4462; baseline 0.015 -2"><span class='ocrx_word' id='word_1_344' title='bbox 71 4405 203 4462; x_wconf 61' lang='lat' dir='ltr'>turult</span> 
     </span>
    </p>
   </div>
   <div class='ocr_carea' id='block_1_7' title="bbox 0 0 1466 4924">
    <p class='ocr_par' dir='ltr' id='par_1_9' title="bbox 0 0 1466 4924">
     <span class='ocr_line' id='line_1_39' title="bbox 0 0 1466 4924; baseline 0 4"><span class='ocrx_word' id='word_1_345' title='bbox 0 0 1466 4924; x_wconf 95' lang='lat' dir='ltr'> </span> 
     </span>
    </p>
   </div>
  </div>
 </body>
</html>
