2944 4936
225 395 291 459 424
732 395 859 450 Ruricii

227 575 258 635 et
279 572 364 635 omni
388 570 593 635 sollicitudine
615 588 812 653 praecauere,
836 591 885 651 ne,
908 571 983 634 dum
1006 569 1108 634 dulcia
1130 567 1221 632 nobis
1235 569 1375 652 pignora

227 673 323 738 nimio
340 674 443 738 dolore
459 672 621 754 deflemus,
636 672 812 756 blasphemi
829 673 955 756 quidam
972 677 1003 738 et
1016 671 1155 738 iniuriosi
1168 672 1376 736 inueniamnr

226 778 257 842 in
281 777 405 842 domino
433 781 465 841 et
491 777 620 861 grauius
643 779 764 841 animan
788 781 911 843 nostras
935 781 1042 842 auctor
1063 777 1161 860 ipsius
1184 775 1301 840 mortis
1327 775 1376 838 in·
1465 770 1466 773 ’

191 909 193 915 v
227 883 323 945 nanta
344 881 505 946 occasione
528 880 695 962 confodiat,
719 899 813 964 qnam
837 899 979 946 carorum
1003 881 1168 945 amissione
1191 879 1376 963 percussit?

188 1017 201 1053 ⁵
270 985 406 1067 Ideoque
433 986 464 1048 in
488 986 573 1049 omni
596 985 802 1050 amaritudine
825 985 876 1050 uel
900 986 1003 1050 dolere
1026 985 1065 1049 ad
1088 984 1181 1048 deum
1204 983 1300 1048 nobis
1327 989 1376 1047 est

226 1089 443 1172 refugiendum
467 1093 498 1154 et
513 1089 550 1152 ad
566 1089 655 1153 illum
672 1107 780 1153 omnes
796 1107 887 1153 casus
903 1091 1002 1154 nostri
1016 1092 1081 1153 toto
1098 1088 1189 1152 corde
1203 1087 1376 1165 referendi,

227 1193 281 1276 qui
309 1196 400 1257 sanat
422 1194 613 1272 uulneratus,
645 1193 697 1275 qui
721 1194 839 1257 releuat
863 1197 1010 1274 maestos,
1038 1195 1090 1275 qui
1113 1192 1294 1257 consolatur
1320 1191 1378 1254 ad·

227 1295 338 1376 flictoa,
363 1299 394 1360 ct
416 1296 470 1360 illa
493 1297 592 1360 saneti
609 1296 664 1360 Iob
689 1296 844 1360 sententia
866 1297 993 1361 omnino
1017 1295 1146 1360 dicenda
1168 1297 1231 1359 est:
1256 1293 1379 1359 domi·

228 1419 295 1464 nus
330 1399 447 1480 dedit,
481 1400 652 1464 dominus
688 1398 861 1481 abstulit,
896 1401 995 1464 sicut
1028 1399 1173 1464 domino
1207 1398 1378 1481 placuit,

177 1535 201 1573 rc
227 1504 280 1568 ita
302 1504 441 1567 iactum
466 1507 532 1568 est.
567 1504 616 1567 sit
639 1523 770 1569 nomen
795 1504 934 1568 domini
956 1503 1202 1568 benedictum.
1249 1505 1283 1565 et
1311 1501 1380 1580 ille,

227 1608 286 1672 hoc
308 1608 430 1690 quando
451 1607 584 1688 dicebat,
608 1609 715 1672 decern
732 1608 811 1672 lilios
828 1627 899 1672 cum
918 1609 1004 1672 omni
1023 1607 1169 1672 facultate
1189 1605 1380 1689 perdiderat

227 1729 285 1776 nec
314 1715 420 1776 tamen
451 1711 670 1795 blasphemare
698 1716 753 1777 aut
775 1712 889 1776 damno
913 1715 967 1776 aut
990 1712 1094 1776 dolore
1116 1709 1284 1792 conpulsus
1315 1711 1379 1789 est,

228 1815 309 1880 sicut
338 1815 412 1880 dicit
445 1817 611 1899 scriptura:
647 1817 683 1880 in
718 1816 906 1896 omnibus,
942 1835 1033 1898 qnae
1067 1814 1283 1878 acciderunt
1326 1814 1379 1892 ei,

227 1918 322 1983 nihil
344 1920 515 2002 peccauit
537 1919 650 1983 labiis
673 1919 747 1985 Iob.
783 1920 865 2002 quod
889 1939 945 2004 ego
967 1919 1077 2002 pietati
1093 1923 1214 1982 uestrae
1229 1916 1380 1981 scribere

177 2053 200 2092 rs
227 2041 282 2105 pro
298 2025 409 2086 mutua
424 2023 553 2087 caritate
569 2025 774 2106 praesumpsi,
791 2027 827 2088 ut
841 2024 979 2088 dolorem
993 2023 1167 2087 animorum
1180 2025 1380 2100 uestrorum,

228 2145 321 2209 quem
349 2127 463 2191 litteris
488 2127 565 2190 meis
589 2128 734 2210 mitigare
758 2145 820 2192 non
842 2131 995 2210 poteram,
1026 2127 1078 2190 uel
1101 2126 1212 2189 diuinis
1236 2125 1380 2208 eloquiis

227 2235 397 2314 utcumque
429 2231 613 2296 moderarer.
660 2236 690 2296 et
719 2251 802 2312 uere,
834 2233 860 2295 si
891 2232 967 2296 mihi
997 2231 1087 2313 quasi
1115 2233 1217 2294 uestro
1239 2229 1379 2294 creditis

228 2334 322 2417 cordi,
351 2354 413 2400 non
440 2336 606 2399 minimum
629 2336 760 2419 potestis
784 2354 893 2419 capere
917 2335 954 2398 de
978 2335 1093 2399 Christi
1117 2333 1231 2398 domini
1256 2333 1381 2398 uolun-

228 2444 292 2504 tate
310 2441 470 2520 solacium,
494 2441 585 2522 quod,
608 2444 762 2522 quatenus
778 2441 881 2522 ipsum
904 2440 1080 2504 inmaturus
1105 2437 1248 2502 manebat
1272 2438 1382 2503 inter·

176 2575 201 2612 no
229 2545 302 2625 itua,
326 2544 422 2608 talem
445 2563 517 2608 eum
539 2549 587 2609 eet
603 2545 748 2628 dignatus
766 2545 939 2625 adsumere,
964 2543 1102 2626 qualium
1118 2560 1248 2625 regnum
1265 2541 1380 2606 docuit

230 2667 298 2712 esse
321 2648 489 2729 caelorum,
513 2652 548 2713 ut
571 2652 603 2712 et
624 2653 792 2732 patronum
815 2648 972 2713 haberetis
997 2666 1032 2712 ex
1055 2647 1118 2711 tilio
1143 2650 1173 2710 et
1195 2644 1301 2709 minus
1321 2647 1382 2711 do-

229 2752 334 2816 leretis
362 2753 525 2830 amissum,
556 2771 648 2834 quem
673 2771 691 2817 a
714 2753 838 2818 domino
861 2751 1017 2816 uidebatis
1040 2751 1249 2832 adsumptum.
1298 2755 1382 2833 opto

229 2855 309 2921 bene
332 2856 443 2940 agatis.

177 3181 202 3219 25
231 3173 351 3214 DOMINO
372 3173 490 3216 ΒΑΝΟΤΟ
511 3175 551 3215 E'l'
571 3173 764 3216 nl’os'ronroo
784 3173 919 3222 arluinum
935 3174 967 3216 IN
984 3173 1115 3215 charano
1131 3172 1252 3215 [10111110
1268 3173 1383 3217 cum]

229 3259 438 3310 Arsno'ruotm
458 3261 640 3304 armamenta
660 3261 847 3303 nxoohurtno
867 3261 1011 3302 Pannona
1032 3259 1200 3302 urcnomrto
1219 3261 1383 3304 Episcopo

626 3347 772 3390 numurus
796 3347 973 3390 nalscoruta

274 3480 383 3546 Frater
407 3485 438 3546 et
460 3482 681 3566 conpresbyter
705 3485 810 3546 noster
827 3482 1012 3564 capillutus,
1035 3482 1107 3546 licet
1130 3483 1232 3564 apicas
1249 3487 1381 3547 uestros

231 3585 320 3651 nobis
344 3603 406 3650 nen
428 3586 574 3650 detulerit
589 3586 620 3650 in
637 3586 746 3650 charta
760 3586 953 3670 relegendos,
978 3591 1083 3650 tamen
1106 3585 1210 3669 potius
1233 3585 1381 3652 exhibuit

335 3749 363 3818 a]
382 3747 430 3802 ron
451 3752 473 3812 r,
487 3751 528 3804 21.
585 3747 794 3818 13]10b1‚22.

274 3893 417 3965 ‘lquidem
430 3897 501 3952 cKr.
556 3896 712 3952 connisa
764 3896 986 3953 tconsolatorS
1037 3895 1211 3953 adieceris
1277 3899 1304 3952 ll
1328 3898 1377 3951 de-

120 4031 121 4035 ,
231 3985 327 4040 eimS
387 3986 420 4039 13
438 3983 597 4038 accederunt
620 3985 649 4051 S,
672 3982 861 4039 accidebantc
924 3985 955 4038 14
980 3983 1040 4052 ege]
1063 3983 1211 4038 atrectatu
1265 3985 1297 4038 rt
1316 4000 1376 4038 mo

232 4071 322 4125 derare
340 4087 430 4126 reuera
450 4071 479 4140 S,
497 4089 564 4126 corr.
578 4087 601 4139 c,
620 4069 772 4124 moderarer
789 4087 851 4124 uere
865 4073 915 4126 Kr.
972 4073 1004 4126 la
1022 4070 1109 4140 ipsum
1128 4087 1208 4126 coac
1260 4072 1296 4125 20
1314 4071 1377 4140 dig·

232 4161 310 4210 natus
329 4160 403 4212 estc
473 4157 534 4226 qual
552 4155 591 4222 (ra
613 4159 697 4225 regnat
721 4155 813 4211 docuit
835 4159 872 4214 8¹
895 4159 927 4212 ic
948 4159 1015 4224 rue.)
1039 4157 1068 4224 S,
1090 4155 1209 4224 qualium
1228 4173 1248 4209 r.
1262 4155 1343 4210 docet
1362 4178 1378 4212 r

232 4246 263 4299 21
284 4244 326 4312 ex]
345 4243 408 4300 &S
459 4246 493 4299 22
511 4243 615 4300 curos
664 4246 699 4298 25
718 4243 836 4312 mihique
854 4263 934 4301 cmo
986 4246 1020 4299 26
1032 4242 1209 4298 uicturinoS
1277 4244 1311 4299 28
1331 4247 1377 4310 <cr-

232 4329 346 4398 pieesS
414 4332 447 4386 29
466 4330 601 4386 carthan*
651 4329 966 4398 portesmuham
986 4329 1299 4399 amnemamnem
