2944 4936
281 447 345 512 458
559 449 674 504 Fausti
693 450 837 520 episcopi
856 450 894 504 de
914 451 1041 505 ratione
1060 451 1150 506 fidei.

281 629 421 686 saneto?
445 645 510 687 non
524 647 573 700 os,
590 629 693 702 inquit,
711 630 905 688 bominibus
918 631 1101 702 mentitus,
1118 631 1175 688 sed
1189 632 1257 690 deo.
1288 631 1352 706 quid
1363 637 1404 688 ton

283 732 419 792 euidens?
436 751 499 792 eoee
511 735 561 792 deo
577 738 675 793 uotum
690 735 856 809 promisisse
867 737 1039 794 memoretur
1053 737 1082 794 et
1096 736 1212 810 spiritui
1229 739 1330 794 saneto
1344 753 1404 794 men-

281 837 354 895 titus
377 838 516 912 arguitur.
555 839 581 897 si
601 839 721 913 spiritus
744 843 862 898 sanetus
883 841 951 898 deus
972 857 1030 898 non
1053 843 1139 909 esset,
1162 841 1282 899 minime
1305 843 1338 900 ad
1358 857 1404 898 eon

282 942 438 1017 sacrileges
458 942 595 1001 falsitatis
618 944 724 1002 iniuria
745 944 933 1018 peruenisset.
974 944 1040 1004 item
1064 945 1098 1002 ed
1119 945 1284 1004 Corinthios
1305 944 1404 1019 aposbb

243 1071 255 1108 5
281 1065 335 1106 uox
351 1051 408 1106 est:
426 1049 589 1120 nesoitiS,
606 1049 688 1122 quia
702 1053 850 1108 membra
865 1053 983 1108 uestra
998 1050 1161 1124 templum
1174 1055 1259 1109 sunt
1274 1050 1404 1124 spiritns

280 1151 415 1211 saneti?
438 1152 641 1226 glorificate
657 1156 690 1212 et
704 1157 842 1228 portato
858 1155 951 1212 deum
972 1153 1007 1211 in
1024 1171 1164 1227 corpore
1180 1157 1311 1212 uestro.
1344 1153 1403 1210 ilion

282 1255 379 1330 utique
395 1257 475 1315 deum
492 1260 606 1332 portare
620 1258 847 1332 praecipiuntur,
863 1259 944 1316 ouius
960 1259 1066 1334 templa
1082 1275 1145 1316 esse
1161 1259 1354 1333 perhibentur.
1376 1245 1380 1252 ’

829 1451 882 1508 ΙΙΙ.

323 1587 396 1658 Quid
412 1589 645 1663 respondebimus
661 1590 716 1660 bis,
738 1590 786 1664 qui
803 1590 914 1648 dieunt:
939 1607 1006 1649 nen
1021 1594 1139 1665 petest
1154 1608 1219 1650 non
1237 1590 1403 1665 priorisse

230 1715 254 1754 ιο
279 1696 392 1767 pater,
408 1694 466 1768 qui
481 1693 576 1768 prior
591 1694 626 1753 in
641 1695 812 1770 baptismo
829 1695 1047 1755 nominatur?

325 1803 483 1873 Responsio.

322 1903 360 1961 Et
380 1903 499 1978 spiritus
520 1907 638 1962 sanetus
658 1905 768 1978 primus
788 1907 842 1976 est,
866 1905 929 1964 sine
952 1922 1007 1979 quo
1028 1905 1153 1980 primum
1177 1905 1339 1965 nominasse
1359 1919 1404 1959 non

280 2007 395 2067 suffieit.
427 2026 480 2067 neo
500 2026 649 2067 numerum
670 2013 765 2068 auteur
784 2026 837 2069 neo
857 2009 983 2069 ordinem
1004 2009 1115 2084 recipit,
1139 2010 1237 2082 quiin
1252 2009 1336 2067 trium
1350 2009 1402 2065 sub·

281 2113 390 2171 stantia
405 2131 480 2172 uuus
497 2115 526 2172 et
541 2113 618 2172 selus
634 2116 687 2174 est.

229 2273 253 2310 m
819 2253 887 2312 IIII.

323 2409 395 2478 Quid
412 2410 645 2484 respondebimus
662 2411 714 2480 eie,
738 2411 786 2484 qui
803 2411 889 2484 impio
905 2427 952 2468 ore
968 2410 1168 2484 blasphemant
1183 2410 1321 2468 dieentes:
1344 2407 1402 2464 ideo

279 2513 424 2572 sanetus
440 2514 591 2589 spiritus
608 2533 676 2573 nen
692 2517 745 2573 est
760 2516 857 2584 deus,
875 2515 955 2590 quia
971 2515 1059 2573 nihil
1076 2517 1240 2590 operatus
1253 2516 1306 2573 est
1320 2509 1401 2586 quasi

281 2619 385 2677 deus?

326 2728 483 2798 Responsio.

227 2851 252 2889 eo
322 2828 485 2900 uideamus,
503 2829 528 2886 si
544 2828 574 2886 in
591 2830 723 2904 operibns
740 2830 801 2887 eius
817 2829 888 2886 nihil
906 2828 1067 2886 diuinitatis
1083 2831 1228 2903 appareat.
1256 2827 1342 2902 primo
1356 2825 1400 2881 loo

277 2937 456 3008 peecatorum
471 2933 602 2992 remissio
618 2951 676 2992 non
692 2933 838 3002 tribuitur,
860 2933 918 2992 nisi
935 2935 1052 2991 sanetus
1068 2933 1188 3008 spiritns
1204 2934 1354 2991 inuoeetm.
1379 2932 1400 2984 et

278 3038 345 3111 quie
356 3041 472 3112 peooota
483 3038 547 3096 sine
558 3041 658 3098 saneto
670 3037 773 3112 spiritu
786 3055 845 3096 non
857 3039 1009 3108 donantur,
1023 3037 1108 3096 etiam
1120 3039 1153 3096 de
1166 3038 1227 3112 ipso
1239 3033 1399 3112 apertissime

278 3142 383 3200 dietum
399 3159 462 3201 esse
478 3143 656 3201 mouerimus:
681 3160 791 3213 nemo,
815 3143 920 3216 inquit,
943 3145 1061 3217 potest
1080 3142 1258 3200 dimittere
1278 3145 1397 3216 porceto

277 3246 349 3305 nisi
372 3265 461 3305 unus
484 3249 576 3306 deus,
616 3263 699 3321 quem
723 3265 789 3322 ergo
810 3251 999 3321 reparatorem
1020 3247 1143 3306 hominis
1164 3247 1253 3316 uidae,
1278 3249 1397 3305 auserem

225 3373 251 3412 es
279 3351 403 3410 bominis
420 3369 482 3410 esse
498 3369 557 3410 non
573 3352 694 3410 dubites,

319 3456 385 3529 Ipse
401 3455 431 3514 in
447 3456 548 3530 primis
564 3459 670 3530 absque
684 3460 799 3530 peooate
815 3456 957 3514 hominem
969 3455 1048 3528 ieeit,
1064 3456 1112 3529 qui
1129 3456 1159 3514 in
1172 3455 1305 3514 secundis
1318 3471 1333 3510 e
1347 3451 1396 3508 uin·

276 3561 338 3621 culo
354 3561 462 3634 peooati
478 3561 621 3619 hominem
636 3578 699 3619 oum
715 3563 796 3635 patre
809 3563 837 3619 et
848 3560 906 3620 tilio
918 3563 1101 3636 regenerator
1112 3560 1244 3619 absoluit.
1275 3560 1332 3618 uide
1342 3573 1395 3629 quir·

276 3666 356 3724 modo
372 3665 518 3739 apostolus
534 3665 565 3724 in
581 3665 705 3740 epistula
718 3665 926 3724 Corinthiorum
942 3681 1027 3740 opera
1038 3665 1159 3740 spiritus
1175 3666 1269 3723 saneti
1282 3664 1395 3722 uirtutes·

276 3787 330 3844 que
346 3769 524 3830 ooneelebrat
539 3770 580 3828 ita
596 3771 706 3829 dioens:
731 3770 919 3844 nniouique
939 3773 1051 3828 autem
1067 3771 1167 3828 detur
1182 3787 1242 3844 per
1257 3767 1394 3844 spiritum

224 3897 250 3936 so
277 3892 387 3934 sermo
410 3875 623 3958 sapientiae„
651 3874 712 3932 elii
736 3891 845 3934 sermo
868 3873 1040 3934 scientiae
1067 3875 1255 3933 seeundum
1278 3869 1394 3932 eunden

381 4061 408 4131 5]
429 4065 441 4117 l
463 4062 662 4126 doroteae.
716 4061 762 4130 23]
781 4061 844 4114 buo.
859 4065 883 4125 5,
897 4062 943 4117 21„
992 4060 1039 4130 29]
1059 4064 1071 4116 1
1092 4059 1151 4114 Cor.
1167 4063 1207 4124 12,
1221 4063 1246 4116 8.

319 4242 335 4294 2
354 4241 387 4307 os.
403 4238 498 4292 Pouet.
512 4238 544 4292 de
560 4238 625 4306 spir.
640 4243 723 4292 eoect.
733 4254 762 4306 p.
777 4241 837 4303 151,
849 4241 898 4291 20:
916 4235 964 4289 deo
977 4239 1071 4289 uotum
1084 4235 1239 4304 promisisse
1252 4230 1393 4324 cognoscitu

276 4331 303 4378 et
323 4325 429 4394 spiritui
450 4327 541 4378 saneto
564 4324 692 4377 mentitus
715 4324 836 4392 arguitur
858 4326 903 4392 (os.
926 4325 1007 4378 etiarn
1030 4341 1059 4392 p.
1082 4327 1142 4390 152,
1162 4327 1192 4389 3)
1280 4319 1357 4374 uotam
1378 4321 1390 4364 b

276 4415 309 4467 22
328 4410 511 4465 condonantur
529 4413 556 4465 P
609 4413 642 4466 23
661 4411 748 4479 inquit
767 4429 816 4467 em.
832 4412 859 4464 P
910 4413 944 4466 26
962 4410 1094 4479 imprimis
1113 4411 1140 4463 P
