2920 4928
270 361 292 414 L
564 341 569 351 ’
714 362 955 432 Prolegomena.

268 539 396 622 legeret,
427 537 552 618 deleuit,
580 539 630 602 uel
661 535 988 620 166,1261168,2,
1015 538 1068 602 ubi
1096 539 1242 603 breuitati
1273 539 1392 604 studens

268 640 360 703 intra
381 640 584 726 paradisum
610 659 665 724 pro
691 641 728 703 ia
750 639 912 727 paradisi
935 640 1134 705 habitatione
1156 647 1188 708 61
1215 640 1391 705 damnanda

267 744 437 808 66666666
460 763 516 829 pro
538 765 620 829 6666
642 755 719 807 scot
735 745 892 808 damnata
907 745 1023 809 damno
1039 747 1171 830 scripsit.
1211 766 1311 830 neque
1330 746 1392 810 lorti

267 850 468 916 tribuendum
492 855 549 932 est,
576 851 669 933 quod,
698 870 776 934 6666
800 855 923 917 exstant
944 853 976 916 in
1000 853 1107 918 Lucidi
1135 853 1268 936 epistula
1289 853 1393 916 16166

267 975 296 1038 p.
316 953 387 1036 166,
404 953 565 1036 24-167,
583 953 633 1036 17,
655 956 687 1019 16
711 957 736 1019 P
759 957 880 1021 desunt.
919 957 953 1020 in
976 956 1035 1022 hac
1058 957 1141 1021 enim
1163 961 1251 1041 parte
1267 956 1392 1020 Lucidus

267 1077 329 1124 non
355 1058 494 1124 breuiter
521 1077 639 1124 errores
667 1079 740 1124 suos
767 1065 893 1126 reuocat
919 1061 970 1126 uel
998 1062 1121 1144 singula
1142 1065 1308 1145 praecepta
1331 1061 1392 1124 dcc·

266 1164 366 1228 trinae
397 1163 568 1228 catholicae
596 1165 717 1245 asserit,
748 1166 802 1229 sed
831 1165 1051 1247 disputationis
1078 1165 1177 1229 instar
1204 1165 1327 1249 longius
1348 1183 1393 1228 eu-

266 1269 373 1348 currit‚
403 1269 434 1332 id
465 1270 547 1350 quod
577 1287 668 1352 aegre
696 1269 763 1333 sine
791 1269 884 1333 dnbio
911 1270 983 1334 tulit
1009 1271 1213 1354 interpolator
1239 1273 1392 1350 totumque

266 1372 370 1437 locum
392 1373 431 1437 ad
454 1373 562 1437 uinum
586 1373 728 1438 resecuit.
767 1374 821 1438 sed
838 1374 903 1437 iure
920 1374 1074 1457 quispiam
1090 1374 1205 1438 obiciat
1220 1391 1281 1438 non
1301 1372 1391 1438 nieleri

266 1477 456 1541 uerisimile
479 1478 606 1542 consilio
629 1477 831 1560 interpolatas
854 1497 923 1542 esse
946 1479 1023 1542 duas
1045 1479 1115 1542 illas
1139 1478 1288 1562 epistulas
1311 1479 1342 1542 in
1360 1477 1390 1554 Ρ,

266 1600 337 1645 eum
360 1582 392 1646 in
415 1581 535 1664 reliqua
557 1585 645 1664 parte
667 1582 780 1646 codicis
804 1581 843 1645 ab
867 1582 975 1646 eadem
997 1601 1092 1646 manu
1108 1586 1233 1647 exarata
1247 1601 1286 1646 ne
1301 1583 1390 1646 ullum

264 1686 389 1767 quidem
404 1686 573 1769 uestigium
588 1685 835 1767 interpolationis
852 1689 953 1750 exstet
964 1685 1018 1768 (61.
1032 1705 1126 1769 supra
1140 1707 1169 1769 p.
1183 1686 1325 1770 XXXV).
1349 1684 1390 1748 cui

264 1789 515 1874 respondendum
544 1793 592 1853 est
619 1793 673 1853 aut
696 1789 847 1854 Faustum
874 1791 978 1872 ipsum
1006 1791 1038 1854 in
1062 1791 1198 1856 secunda
1220 1791 1391 1856 recensione

265 1894 415 1976 epistulas
447 1895 631 1958 immutasse
655 1897 709 1957 661
731 1893 798 1956 fieri
820 1895 969 1976 potuisse,
1000 1899 1035 1958 ut
1064 1893 1208 1959 librarius
1237 1894 1348 1959 codicis
1369 1892 1391 1955 P

264 1998 314 2061 661
343 1999 407 2062 6166
436 1997 632 2080 exemplaris,
662 1997 743 2060 unde
767 1997 792 2060 P
815 1997 966 2080 originem
993 1998 1090 2078 duxit,
1122 2017 1158 2062 ex
1185 1998 1244 2062 alio
1268 1998 1391 2062 sortasse
1450 1987 1452 1992 ’

265 2102 349 2166 16616
381 2103 484 2166 minus
514 2119 591 2184 puro
622 2101 770 2184 epistulas
803 2119 896 2183 quam
927 2102 1022 2166 libros
1053 2103 1091 2166 de
1121 2103 1223 2186 gratia
1249 2102 1390 2166 hauriret.

264 2211 334 2270 utra
356 2207 511 2270 sententia
534 2223 609 2268 uera
631 2205 681 2285 sit,
704 2205 832 2269 uideant
854 2205 921 2280 alii3
946 2209 1028 2269 certe
1051 2205 1200 2271 codicisS
1221 2205 1391 2283 auctoritas,

263 2311 377 2392 quippe
400 2311 452 2391 qui
474 2309 607 2392 priorem
631 2308 739 2373 Fausti
762 2309 913 2393 epistulae
936 2311 1149 2374 recensionem
1175 2312 1391 2394 repraesentet,

262 2413 322 2476 hac
345 2414 526 2495 quaestione
550 2431 610 2478 non
634 2413 782 2497 tangitur.

306 2517 434 2582 Minoris
447 2517 541 2581 etiam
555 2517 749 2582 auctoritatis
766 2535 860 2599 quam
875 2515 901 2581 P
917 2517 1011 2580 codex
1027 2516 1054 2598 Q
1069 2519 1126 2598 661,
1142 2517 1194 2598 661
1210 2517 1391 2582 manifestis-

263 2622 344 2685 sima
365 2621 612 2703 interpolationis
635 2621 770 2706 uestigia
792 2639 865 2704 prae
889 2641 922 2686 66
946 2623 1015 2686 fert.
1055 2639 1091 2686 66
1113 2621 1250 2704 primum
1273 2621 1389 2704 quidem

262 2727 473 2808 complures
497 2726 597 2790 locos
622 2747 637 2789 e
661 2727 849 2808 scripture
873 2745 979 2790 sacra
1000 2726 1238 2808 depromptos
1260 2743 1390 2789 accom-

262 2831 427 2896 modsuit
454 2831 496 2898 ad
524 2850 604 2894 eum
627 2833 782 2910 tentum,
811 2849 917 2912 quem
940 2829 1096 2914 praebet
1122 2829 1324 2894 translatio
1345 2829 1390 2892 la-

260 2936 355 3014 tina,
379 2953 470 3016 quae
494 2935 632 2998 (licitur
655 2933 831 3018 Uulgata:

587 3122 605 3176 S
929 3121 952 3190 Q
970 3139 1030 3176 cum
1050 3122 1166 3191 Uulgnta

399 3243 526 3326 18617
544 3244 666 3331 fecerit
840 3243 919 3326 facit

400 3347 470 3431 186,
487 3347 529 3413 20
544 3348 608 3434 fae'
841 3369 929 3411 eram

399 3453 469 3536 187,
506 3453 772 3538 366666666166
833 3463 977 3537 paratae

399 3556 469 3640 187,
508 3557 654 3642 tipasam
838 3556 1258 3643 6666116166666611616)

399 3661 470 3745 ran,
489 3661 529 3724 14
552 3641 612 3724 611
637 3661 792 3747 (uomica)
839 3679 900 3727 om.

260 3873 338 3936 adde
362 3871 443 3953 quod
467 3871 562 3935 etiam
586 3870 727 3935 61616616
751 3869 778 3950 Q
800 3869 955 3954 Uulgatae
978 3873 1098 3933 tentum
1120 3853 1258 3951 praebet,
1281 3868 1388 3952 quibus

259 3977 333 4041 ferri
363 3976 480 4058 nequit,
510 3975 599 4038 uelut
629 3973 736 4055 188,7
764 3982 857 4058 epact
887 3973 1023 4038 Faustus
1053 3973 1184 4055 scripsit,
1215 3993 1287 4038 cum
1316 3974 1388 4036 duas

260 4081 430 4145 6661661166
460 4080 491 4142 16
522 4097 618 4143 unam
648 4077 810 4161 periodum
841 4078 1038 4142 contraheret
1065 4077 1152 4159 (Luc.
1173 4075 1222 4157 16,
1239 4075 1279 4140 27
1296 4076 1387 4158 66616

259 4205 298 4246 66
320 4182 439 4267 stipsi
461 4181 597 4244 6661661
620 4191 648 4243 61
671 4182 762 4265 (adde
779 4182 912 4265 6611361)
937 4229 970 4245 ..
986 4177 1223 4266 paenitentiam
1238 4190 1345 4266 66661,
1360 4177 1388 4241 id

260 4289 341 4369 quod
361 4306 423 4351 non
440 4287 618 4352 obsemanit
633 4287 764 4350 stolidus
780 4281 892 4350 codicis
909 4286 936 4366 Q
951 4286 1094 4350 librarius
1118 4289 1149 4350 et
1171 4303 1242 4349 cum
1258 4285 1389 4367 Uulgata
