2954 4930
540 436 606 492 1111.
626 436 735 492 Sermo
753 440 794 493 30.
1170 439 1230 502 341

95 612 187 694 aquis
218 629 352 695 agnosce
383 612 527 696 spiritum
558 617 710 678 sanctum.
757 632 850 696 snper
880 632 975 696 aquas
1005 615 1109 695 itaque
1136 614 1234 678 domi-

95 717 202 780 nantis
234 716 403 781 eminentia
425 717 583 782 ferebatur
605 717 668 782 iarn
691 721 770 798 tum,
801 717 902 798 credo,
933 717 1080 801 baptismi
1103 737 1235 782 munera

94 819 320 904 praefigmans.
366 821 399 885 in
429 821 570 886 faciendo
601 839 721 904 quoque
752 821 878 887 homine
906 841 939 886 se
962 839 1024 886 non
1046 821 1148 901 unius,
1179 822 1234 886 sed

94 925 193 989 trium
215 942 420 1007 personarum
443 943 520 1008 opus
544 944 612 990 esse
635 925 830 991 demonstrat
845 927 928 991 trina
941 925 1084 1008 repetitio
1100 925 1232 990 deitatis,

94 1031 139 1094 ita
162 1029 247 1094 enim
270 1029 420 1113 legimns:
452 1032 488 1093 et
517 1029 612 1094 dixit
642 1030 746 1094 deus:
776 1031 958 1125 iaciamus
981 1029 1168 1094 hominem
1191 1029 1234 1094 ad
1273 1057 1286 1097 s

94 1133 298 1218 imaginem
323 1137 359 1198 et
381 1133 670 1198 similitudinem
693 1138 868 1200 nostram.
903 1130 1030 1200 aduerte
1046 1135 1234 1198 sententiam

93 1240 127 1303 in
150 1238 360 1322 propositione
382 1237 568 1321 simplicem,
590 1239 622 1304 in
642 1239 843 1321 responsione
863 1238 1077 1322 multiplicem.
1113 1241 1145 1302 et
1159 1238 1236 1303 dixit

95 1343 187 1408 deus:
211 1343 364 1408 iaciamus
387 1342 557 1407 hominem.
592 1343 667 1426 qnid
690 1347 738 1408 est
760 1343 854 1424 aliud,
878 1343 939 1408 nisi
961 1343 1035 1425 quia
1057 1341 1235 1408 substantia

94 1448 227 1513 unitatis
249 1447 386 1531 loquitur
408 1451 439 1512 et
461 1448 602 1531 potentia
615 1449 764 1513 trinitatis
780 1451 946 1532 operatur?
984 1447 1135 1532 perspice,
1158 1465 1235 1530 quo·

95 1552 187 1618 modo
218 1551 302 1616 trina
330 1551 398 1616 nice
425 1569 539 1617 nomen
563 1553 612 1616 dei
634 1553 667 1617 in
690 1553 844 1617 creatione
867 1551 1002 1617 hominis
1025 1555 1231 1636 nuncupatur.
1262 1579 1286 1618 ro

94 1657 140 1722 sic
164 1657 249 1722 enim
272 1655 425 1720 habemus
448 1656 480 1720 in
503 1654 632 1721 Genesi:
664 1660 701 1720 ct
723 1657 816 1720 dixit
838 1657 942 1721 deus:
970 1655 1152 1720 faciamus
1175 1656 1235 1720 ho·

94 1763 248 1842 minem,
265 1764 297 1825 et
310 1759 439 1825 itemm:
462 1762 607 1826 creauit
622 1761 712 1825 deus
728 1761 930 1842 hominem,
948 1765 979 1825 et
994 1760 1100 1826 tertio:
1124 1760 1234 1824 bene-

94 1867 190 1932 dixit
218 1865 373 1930 cidens.
416 1865 492 1930 dixit
514 1865 601 1947 deus,
631 1865 706 1930 facit
727 1866 814 1946 deur,
845 1864 1004 1930 benedixit
1026 1864 1112 1930 deus.
1158 1864 1234 1930 dixit

93 1975 194 2055 pater,
218 1969 293 2035 lecit
315 1967 408 2050 filius,
431 1969 588 2034 benedixit
610 1971 735 2053 spiritus
759 1973 894 2034 sanctus.
929 1973 1055 2054 propter
1078 1973 1141 2033 tres
1163 1988 1234 2051 per·-

92 2093 188 2142 sonas
211 2079 260 2139 ter
281 2073 411 2138 iteratur
434 2091 497 2138 una
519 2073 675 2138 diuinitas.
710 2093 771 2156 quo
791 2075 858 2139 loco
879 2073 1035 2138 euidenter
1051 2074 1234 2157 mysterium
1261 2097 1286 2138 ra

92 2181 190 2244 etiarn
214 2178 343 2242 unitatis
366 2177 521 2262 intellege.
557 2197 627 2242 ecce
647 2179 751 2263 imago
772 2179 821 2243 dei
837 2182 869 2242 et
883 2178 1054 2242 similitudo
1070 2178 1234 2260 unicuique

90 2284 215 2350 homini
245 2301 264 2346 a
293 2281 393 2346 tribus
424 2283 515 2346 datur
546 2286 577 2346 et
606 2287 712 2347 tamen
743 2301 805 2348 une
835 2301 904 2347 esse
933 2283 1110 2347 dinoscitur.
1158 2283 1235 2346 dixit

91 2389 187 2454 dens:
219 2387 381 2452 faciamus
428 2387 594 2470 diligenter
624 2387 766 2468 adtende,
798 2388 874 2452 dum
903 2405 984 2452 unus
1015 2387 1089 2451 dicit
1118 2391 1150 2452 et
1172 2405 1234 2451 non

91 2511 176 2558 nnus
200 2491 276 2556 facit
298 2490 434 2573 dumque
457 2493 571 2555 iterum
587 2492 739 2576 singulari
754 2492 873 2575 plurale
889 2493 1057 2576 permiscet
1072 2511 1130 2556 nec
1145 2491 1233 2556 dicit:

92 2599 131 2663 ad
155 2595 312 2680 imagines
336 2599 368 2660 et
390 2595 611 2660 similitudines
635 2601 768 2676 nostras,
799 2597 850 2660 uel
874 2599 972 2661 certe:
1003 2597 1042 2660 ad
1064 2596 1235 2680 imaginem
1261 2620 1289 2660 ao

92 2707 124 2767 et
148 2700 387 2766 similitudinem
411 2718 525 2781 meam,
549 2701 703 2765 unitatem
724 2701 950 2786 singularitate,
974 2701 1147 2766 trinitatem
1166 2701 1236 2785 plu-

92 2806 220 2872 ralitate
250 2803 459 2869 commendat.
507 2805 611 2886 itaqua
643 2806 674 2870 iu
706 2823 751 2885 eo,
783 2805 865 2888 quod
895 2805 984 2868 dicit:
1014 2805 1166 2868 iaciamus
1197 2804 1236 2868 ad

92 2913 249 2989 nostram,
283 2897 487 2992 personamm
517 2927 667 2974 numerus
698 2910 879 2993 explicatur,
909 2909 942 2972 in
973 2925 1009 2973 eo
1039 2925 1123 2988 uero,
1154 2907 1236 2990 quod

94 3013 300 3099 singulariter
324 3015 380 3078 ait:
404 3013 444 3078 ad
467 3014 638 3097 imaginem
661 3017 693 3078 et
715 3013 965 3093 similitudinem,
988 3013 1021 3078 in
1044 3031 1140 3076 unam
1163 3011 1237 3077 sub·

93 3119 250 3185 stantiam
273 3117 371 3182 deitas
394 3117 527 3182 indiuisa
549 3118 713 3202 colligitur.
1262 3139 1289 3180 aa

139 3221 221 3288 (lum
246 3221 393 3287 Abrahae
423 3223 456 3286 in
487 3223 565 3287 ostio
595 3221 790 3287 tabernaculi
820 3221 1014 3306 apparuisset
1044 3221 1119 3285 deus
1147 3224 1179 3284 et
1201 3239 1237 3285 cx

93 3345 158 3392 uno
183 3331 248 3391 tres
272 3326 338 3390 eins
362 3345 395 3390 se
418 3327 515 3391 cerdis
539 3327 724 3392 mirabiliter·
747 3327 944 3406 obtulissent,
968 3325 999 3388 in
1019 3325 1118 3390 tribus
1139 3344 1237 3390 unum

93 3431 242 3497 conscius
263 3431 436 3496 maiestatis
461 3431 612 3496 adorauit.
651 3432 683 3495 in
706 3431 835 3514 psalmis
859 3449 980 3512 quoque
1004 3429 1146 3494 absolute
1168 3449 1238 3512 per·

93 3536 183 3602 sonis
200 3535 266 3599 suis
281 3535 385 3600 unitas
402 3534 596 3618 designatur:
621 3555 664 3600 ne
687 3535 849 3618 proicias
873 3553 943 3614 me,
966 3533 1078 3616 inquit,
1102 3551 1121 3598 a
1143 3535 1238 3598 facie

94 3645 161 3706 tua
192 3643 230 3704 et
258 3639 433 3723 spiritum
457 3643 626 3704 sanctum
651 3643 753 3704 tuum
777 3657 819 3703 ne
843 3639 992 3703 auferas
1016 3657 1035 3702 a
1057 3657 1120 3702 me.
1167 3657 1237 3703 ecoe
1264 3661 1290 3701 so

203 3801 231 3872 5]
251 3801 316 3858 Gan.
332 3803 409 3866 1,26.
483 3801 527 3871 12]
547 3801 612 3858 Gen.
628 3805 705 3868 1,27.
778 3801 843 3857 Gen.
859 3803 881 3866 1,
895 3803 937 3858 28.
1014 3801 1060 3870 26]
1080 3799 1145 3856 Gen.
1161 3803 1200 3864 18,
1215 3805 1237 3858 l.

92 3891 142 3962 29]
160 3887 261 3944 Psalm.
275 3893 316 3954 50,
331 3889 371 3945 13.

141 4043 155 4097 l
170 4055 287 4108 super-
289 4057 319 4110 p.
329 4041 389 4106 342,
399 4042 431 4094 11
446 4037 606 4108 maiestatis]
620 4039 654 4106 cf.
666 4037 762 4092 Faust.
773 4037 805 4093 de
816 4038 882 4106 spir.
892 4043 976 4093 acad.
982 4055 1012 4106 p.
1023 4039 1240 4104 108‚1c-110,4

93 4125 400 4198 super-dominamus)
422 4125 449 4182 R
470 4127 502 4180 ia
522 4143 576 4182 raa.
643 4127 660 4180 3
681 4124 789 4178 homins
813 4141 839 4178 se
862 4142 913 4180 om.
931 4124 959 4179 R
1037 4125 1053 4178 9
1076 4121 1195 4192 prospice
1212 4123 1241 4178 Β

95 4219 131 4274 13
159 4214 228 4268 dixit
255 4217 475 4284 pater-sauctus
501 4231 552 4270 om.
576 4213 698 4270 Fabatus
721 4213 753 4268 dc
775 4213 841 4282 spir.
859 4217 944 4268 annot.
1018 4213 1050 4266 16
1072 4209 1191 4280 intellige
1213 4211 1241 4268 R

96 4307 132 4360 18
152 4299 262 4356 attende
279 4301 307 4356 R
373 4303 405 4356 19
424 4299 719 4369 dumque-permiscet
736 4317 786 4356 cor.
806 4299 833 4354 R
895 4301 928 4354 26
946 4297 1032 4350 hostio
1051 4297 1078 4352 R
1138 4313 1169 4350 ex
1187 4313 1240 4350 uno

91 4408 149 4448 om.
168 4389 197 4446 R
249 4388 448 4444 adsederit
500 4386 660 4457 optulissent
677 4387 704 4442 R
757 4388 790 4444 29
809 4385 911 4456 unitas]
929 4385 1081 4444 trinitasR
