<?xml version="1.0" encoding="UTF-8"?>
<!DOCTYPE html PUBLIC "-//W3C//DTD XHTML 1.0 Transitional//EN"
    "http://www.w3.org/TR/xhtml1/DTD/xhtml1-transitional.dtd">
<html xmlns="http://www.w3.org/1999/xhtml" xml:lang="en" lang="en">
 <head>
  <title>
</title>
<meta http-equiv="Content-Type" content="text/html;charset=utf-8" />
  <meta name='ocr-system' content='tesseract 3.04.00' />
  <meta name='ocr-capabilities' content='ocr_page ocr_carea ocr_par ocr_line ocrx_word'/>
</head>
<body>
  <div class='ocr_page' id='page_1' title='image "./praetersermones00fausgoog/praetersermones00fausgoog_0491.png"; bbox 0 0 2954 4930; ppageno 0'>
   <div class='ocr_carea' id='block_1_1' title="bbox 417 447 1226 518">
    <p class='ocr_par' dir='ltr' id='par_1_1' title="bbox 417 447 1226 518">
     <span class='ocr_line' id='line_1_1' title="bbox 417 447 1226 518; baseline 0.005 -16"><span class='ocrx_word' id='word_1_1' title='bbox 417 447 644 518; x_wconf 71' lang='lat' dir='ltr'><strong>Epistularum</strong></span> <span class='ocrx_word' id='word_1_2' title='bbox 662 448 716 503; x_wconf 92' lang='lat' dir='ltr'>lib.</span> <span class='ocrx_word' id='word_1_3' title='bbox 730 449 759 503; x_wconf 93' lang='lat'>11</span> <span class='ocrx_word' id='word_1_4' title='bbox 779 451 888 505; x_wconf 82' lang='lat'>17-19.</span> <span class='ocrx_word' id='word_1_5' title='bbox 1162 449 1226 514; x_wconf 83' lang='lat'>403</span> 
     </span>
    </p>
   </div>
   <div class='ocr_carea' id='block_1_2' title="bbox 82 623 1281 2476">
    <p class='ocr_par' dir='ltr' id='par_1_2' title="bbox 82 623 1281 2476">
     <span class='ocr_line' id='line_1_2' title="bbox 84 623 1225 706; baseline 0.003 -21"><span class='ocrx_word' id='word_1_6' title='bbox 84 623 243 702; x_wconf 87' lang='lat' dir='ltr'>noluntas,</span> <span class='ocrx_word' id='word_1_7' title='bbox 278 625 314 686; x_wconf 89' lang='lat' dir='ltr'>ut</span> <span class='ocrx_word' id='word_1_8' title='bbox 343 623 468 704; x_wconf 87' lang='lat' dir='ltr'>caritas,</span> <span class='ocrx_word' id='word_1_9' title='bbox 499 643 578 706; x_wconf 85' lang='lat' dir='ltr'>quse</span> <span class='ocrx_word' id='word_1_10' title='bbox 608 624 699 688; x_wconf 89' lang='lat' dir='ltr'>corde</span> <span class='ocrx_word' id='word_1_11' title='bbox 729 624 911 706; x_wconf 89' lang='lat' dir='ltr'>concipitur,</span> <span class='ocrx_word' id='word_1_12' title='bbox 942 643 994 688; x_wconf 92' lang='lat' dir='ltr'>ore</span> <span class='ocrx_word' id='word_1_13' title='bbox 1024 627 1225 706; x_wconf 81' lang='lat' dir='ltr'><strong>promeretur.</strong></span> 
     </span>
     <span class='ocr_line' id='line_1_3' title="bbox 83 725 1226 812; baseline 0.003 -23"><span class='ocrx_word' id='word_1_14' title='bbox 83 727 148 806; x_wconf 88' lang='lat' dir='ltr'>sed,</span> <span class='ocrx_word' id='word_1_15' title='bbox 172 725 225 790; x_wconf 92' lang='lat' dir='ltr'>ubi</span> <span class='ocrx_word' id='word_1_16' title='bbox 249 727 336 791; x_wconf 80' lang='lat' dir='ltr'>deest</span> <span class='ocrx_word' id='word_1_17' title='bbox 358 727 480 809; x_wconf 84' lang='lat' dir='ltr'>effetus,</span> <span class='ocrx_word' id='word_1_18' title='bbox 505 729 613 794; x_wconf 88' lang='lat' dir='ltr'>siletm</span> <span class='ocrx_word' id='word_1_19' title='bbox 636 728 766 792; x_wconf 86' lang='lat' dir='ltr'>affectus</span> <span class='ocrx_word' id='word_1_20' title='bbox 787 731 818 792; x_wconf 89' lang='lat' dir='ltr'>et</span> <span class='ocrx_word' id='word_1_21' title='bbox 836 729 918 792; x_wconf 91' lang='lat' dir='ltr'>intra</span> <span class='ocrx_word' id='word_1_22' title='bbox 936 727 1072 792; x_wconf 85' lang='lat' dir='ltr'>latebras</span> <span class='ocrx_word' id='word_1_23' title='bbox 1092 728 1226 812; x_wconf 91' lang='lat' dir='ltr'>pectoris</span> 
     </span>
     <span class='ocr_line' id='line_1_4' title="bbox 83 831 1226 915; baseline 0.003 -22"><span class='ocrx_word' id='word_1_24' title='bbox 83 834 232 895; x_wconf 89' lang='lat' dir='ltr'>contenta</span> <span class='ocrx_word' id='word_1_25' title='bbox 251 835 299 896; x_wconf 90' lang='lat' dir='ltr'>est</span> <span class='ocrx_word' id='word_1_26' title='bbox 318 832 366 896; x_wconf 92' lang='lat' dir='ltr'>sui</span> <span class='ocrx_word' id='word_1_27' title='bbox 386 833 573 896; x_wconf 86' lang='lat' dir='ltr'>conscientia</span> <span class='ocrx_word' id='word_1_28' title='bbox 589 852 623 897; x_wconf 92' lang='lat' dir='ltr'>se</span> <span class='ocrx_word' id='word_1_29' title='bbox 639 851 701 897; x_wconf 94' lang='lat' dir='ltr'>non</span> <span class='ocrx_word' id='word_1_30' title='bbox 717 851 785 897; x_wconf 91' lang='lat' dir='ltr'>esse</span> <span class='ocrx_word' id='word_1_31' title='bbox 801 833 833 897; x_wconf 94' lang='lat' dir='ltr'>in</span> <span class='ocrx_word' id='word_1_32' title='bbox 849 831 1012 896; x_wconf 72' lang='lat' dir='ltr'>dilectione</span> <span class='ocrx_word' id='word_1_33' title='bbox 1029 831 1226 915; x_wconf 77' lang='lat' dir='ltr'>culpabilem,</span> 
     </span>
     <span class='ocr_line' id='line_1_5' title="bbox 84 935 1228 1018; baseline 0.002 -20"><span class='ocrx_word' id='word_1_34' title='bbox 84 935 143 998; x_wconf 89' lang='lat' dir='ltr'>etsi</span> <span class='ocrx_word' id='word_1_35' title='bbox 172 935 204 1000; x_wconf 92' lang='lat' dir='ltr'>in</span> <span class='ocrx_word' id='word_1_36' title='bbox 235 935 407 999; x_wconf 86' lang='lat' dir='ltr'>officiorum</span> <span class='ocrx_word' id='word_1_37' title='bbox 439 935 648 1000; x_wconf 78' lang='lat' dir='ltr'>redhibitione</span> <span class='ocrx_word' id='word_1_38' title='bbox 679 955 712 1000; x_wconf 91' lang='lat' dir='ltr'>se</span> <span class='ocrx_word' id='word_1_39' title='bbox 744 955 806 1002; x_wconf 89' lang='lat' dir='ltr'>non</span> <span class='ocrx_word' id='word_1_40' title='bbox 829 936 929 1000; x_wconf 84' lang='lat' dir='ltr'>cernit</span> <span class='ocrx_word' id='word_1_41' title='bbox 952 935 1124 1018; x_wconf 86' lang='lat' dir='ltr'>aequalem,</span> <span class='ocrx_word' id='word_1_42' title='bbox 1156 937 1228 1018; x_wconf 87' lang='lat' dir='ltr'>quia</span> 
     </span>
     <span class='ocr_line' id='line_1_6' title="bbox 83 1037 1279 1122; baseline 0.004 -20"><span class='ocrx_word' id='word_1_43' title='bbox 83 1037 222 1118; x_wconf 89' lang='lat' dir='ltr'>confidit,</span> <span class='ocrx_word' id='word_1_44' title='bbox 253 1039 345 1120; x_wconf 90' lang='lat' dir='ltr'>quod,</span> <span class='ocrx_word' id='word_1_45' title='bbox 368 1041 449 1104; x_wconf 92' lang='lat' dir='ltr'>sicut</span> <span class='ocrx_word' id='word_1_46' title='bbox 472 1041 541 1122; x_wconf 86' lang='lat' dir='ltr'>ipsa</span> <span class='ocrx_word' id='word_1_47' title='bbox 563 1059 702 1104; x_wconf 89' lang='lat' dir='ltr'>amorem</span> <span class='ocrx_word' id='word_1_48' title='bbox 725 1042 832 1104; x_wconf 88' lang='lat' dir='ltr'>fratris</span> <span class='ocrx_word' id='word_1_49' title='bbox 855 1041 888 1104; x_wconf 94' lang='lat' dir='ltr'>in</span> <span class='ocrx_word' id='word_1_50' title='bbox 911 1059 944 1104; x_wconf 90' lang='lat' dir='ltr'>se</span> <span class='ocrx_word' id='word_1_51' title='bbox 968 1041 1016 1104; x_wconf 90' lang='lat' dir='ltr'>sui</span> <span class='ocrx_word' id='word_1_52' title='bbox 1039 1041 1226 1105; x_wconf 89' lang='lat' dir='ltr'>coniectione</span> <span class='ocrx_word' id='word_1_53' title='bbox 1267 1067 1279 1107; x_wconf 85' lang='lat' dir='ltr'>s</span> 
     </span>
     <span class='ocr_line' id='line_1_7' title="bbox 83 1144 1228 1228; baseline 0.003 -22"><span class='ocrx_word' id='word_1_54' title='bbox 83 1144 248 1226; x_wconf 82' lang='lat' dir='ltr'>persentit,</span> <span class='ocrx_word' id='word_1_55' title='bbox 271 1145 315 1208; x_wconf 87' lang='lat' dir='ltr'>ita</span> <span class='ocrx_word' id='word_1_56' title='bbox 338 1149 369 1208; x_wconf 90' lang='lat' dir='ltr'>et</span> <span class='ocrx_word' id='word_1_57' title='bbox 391 1145 523 1228; x_wconf 91' lang='lat' dir='ltr'>diligens</span> <span class='ocrx_word' id='word_1_58' title='bbox 547 1146 643 1210; x_wconf 87' lang='lat' dir='ltr'>frater</span> <span class='ocrx_word' id='word_1_59' title='bbox 666 1165 738 1210; x_wconf 91' lang='lat' dir='ltr'>eum</span> <span class='ocrx_word' id='word_1_60' title='bbox 761 1145 906 1210; x_wconf 90' lang='lat' dir='ltr'>similiter</span> <span class='ocrx_word' id='word_1_61' title='bbox 929 1145 1027 1228; x_wconf 90' lang='lat' dir='ltr'>possit</span> <span class='ocrx_word' id='word_1_62' title='bbox 1050 1165 1086 1209; x_wconf 85' lang='lat' dir='ltr'>er</span> <span class='ocrx_word' id='word_1_63' title='bbox 1106 1163 1163 1209; x_wconf 86' lang='lat' dir='ltr'>sua</span> <span class='ocrx_word' id='word_1_64' title='bbox 1182 1146 1228 1209; x_wconf 93' lang='lat' dir='ltr'>di·</span> 
     </span>
     <span class='ocr_line' id='line_1_8' title="bbox 83 1248 1228 1332; baseline 0.003 -21"><span class='ocrx_word' id='word_1_65' title='bbox 83 1248 217 1312; x_wconf 90' lang='lat' dir='ltr'>lectione</span> <span class='ocrx_word' id='word_1_66' title='bbox 252 1266 452 1332; x_wconf 79' lang='lat' dir='ltr'>cognoscere,</span> <span class='ocrx_word' id='word_1_67' title='bbox 488 1251 561 1331; x_wconf 88' lang='lat' dir='ltr'>quia</span> <span class='ocrx_word' id='word_1_68' title='bbox 597 1251 684 1314; x_wconf 89' lang='lat' dir='ltr'>nulla</span> <span class='ocrx_word' id='word_1_69' title='bbox 717 1269 750 1314; x_wconf 88' lang='lat' dir='ltr'>re</span> <span class='ocrx_word' id='word_1_70' title='bbox 780 1250 893 1314; x_wconf 88' lang='lat' dir='ltr'>melius</span> <span class='ocrx_word' id='word_1_71' title='bbox 925 1250 1058 1314; x_wconf 87' lang='lat' dir='ltr'>aliorum</span> <span class='ocrx_word' id='word_1_72' title='bbox 1089 1249 1228 1314; x_wconf 88' lang='lat' dir='ltr'>cordium</span> 
     </span>
     <span class='ocr_line' id='line_1_9' title="bbox 84 1354 1226 1436; baseline 0.003 -21"><span class='ocrx_word' id='word_1_73' title='bbox 84 1355 208 1416; x_wconf 89' lang='lat' dir='ltr'>secreta</span> <span class='ocrx_word' id='word_1_74' title='bbox 237 1369 329 1433; x_wconf 85' lang='lat' dir='ltr'>quam</span> <span class='ocrx_word' id='word_1_75' title='bbox 363 1370 547 1417; x_wconf 81' lang='lat' dir='ltr'>arcanorum</span> <span class='ocrx_word' id='word_1_76' title='bbox 577 1357 757 1418; x_wconf 89' lang='lat' dir='ltr'>nostrorum</span> <span class='ocrx_word' id='word_1_77' title='bbox 784 1354 1046 1436; x_wconf 87' lang='lat' dir='ltr'>contemplatione</span> <span class='ocrx_word' id='word_1_78' title='bbox 1070 1354 1226 1418; x_wconf 87' lang='lat' dir='ltr'>metimur.</span> 
     </span>
     <span class='ocr_line' id='line_1_10' title="bbox 82 1456 1229 1545; baseline 0.002 -25"><span class='ocrx_word' id='word_1_79' title='bbox 82 1459 211 1520; x_wconf 87' lang='lat' dir='ltr'>tantum</span> <span class='ocrx_word' id='word_1_80' title='bbox 234 1456 318 1520; x_wconf 90' lang='lat' dir='ltr'>enim</span> <span class='ocrx_word' id='word_1_81' title='bbox 341 1475 397 1521; x_wconf 91' lang='lat' dir='ltr'>nos</span> <span class='ocrx_word' id='word_1_82' title='bbox 421 1457 460 1521; x_wconf 88' lang='lat' dir='ltr'>ab</span> <span class='ocrx_word' id='word_1_83' title='bbox 484 1458 545 1521; x_wconf 88' lang='lat' dir='ltr'>alio</span> <span class='ocrx_word' id='word_1_84' title='bbox 568 1457 656 1541; x_wconf 83' lang='lat' dir='ltr'>diligi</span> <span class='ocrx_word' id='word_1_85' title='bbox 678 1457 845 1537; x_wconf 90' lang='lat' dir='ltr'>credimus,</span> <span class='ocrx_word' id='word_1_86' title='bbox 869 1461 987 1545; x_wconf 85' lang='lat' dir='ltr'>quanta</span> <span class='ocrx_word' id='word_1_87' title='bbox 1009 1477 1081 1522; x_wconf 91' lang='lat' dir='ltr'>eum</span> <span class='ocrx_word' id='word_1_88' title='bbox 1104 1475 1161 1520; x_wconf 91' lang='lat' dir='ltr'>nos</span> <span class='ocrx_word' id='word_1_89' title='bbox 1177 1476 1229 1522; x_wconf 83' lang='lat' dir='ltr'>ce·</span> 
     </span>
     <span class='ocr_line' id='line_1_11' title="bbox 83 1559 1281 1643; baseline 0.002 -19"><span class='ocrx_word' id='word_1_90' title='bbox 83 1559 179 1624; x_wconf 80' lang='lat' dir='ltr'>ritate</span> <span class='ocrx_word' id='word_1_91' title='bbox 203 1559 371 1643; x_wconf 88' lang='lat' dir='ltr'>diligimus.</span> <span class='ocrx_word' id='word_1_92' title='bbox 1256 1587 1281 1626; x_wconf 82' lang='lat' dir='ltr'>ro</span> 
     </span>
     <span class='ocr_line' id='line_1_12' title="bbox 126 1663 1228 1748; baseline 0.002 -20"><span class='ocrx_word' id='word_1_93' title='bbox 126 1663 224 1728; x_wconf 87' lang='lat' dir='ltr'>Parui</span> <span class='ocrx_word' id='word_1_94' title='bbox 253 1664 357 1746; x_wconf 88' lang='lat' dir='ltr'>itaque</span> <span class='ocrx_word' id='word_1_95' title='bbox 387 1666 528 1748; x_wconf 88' lang='lat' dir='ltr'>petitioni</span> <span class='ocrx_word' id='word_1_96' title='bbox 558 1669 692 1746; x_wconf 86' lang='lat' dir='ltr'>uestrae,</span> <span class='ocrx_word' id='word_1_97' title='bbox 722 1665 812 1748; x_wconf 87' lang='lat' dir='ltr'>parui</span> <span class='ocrx_word' id='word_1_98' title='bbox 839 1665 979 1746; x_wconf 92' lang='lat' dir='ltr'>iussioni,</span> <span class='ocrx_word' id='word_1_99' title='bbox 1010 1669 1047 1729; x_wconf 93' lang='lat' dir='ltr'>ut</span> <span class='ocrx_word' id='word_1_100' title='bbox 1070 1665 1228 1747; x_wconf 90' lang='lat' dir='ltr'>qualibus·</span> 
     </span>
     <span class='ocr_line' id='line_1_13' title="bbox 83 1767 1227 1853; baseline 0.001 -21"><span class='ocrx_word' id='word_1_101' title='bbox 83 1786 220 1850; x_wconf 90' lang='lat' dir='ltr'>cumque</span> <span class='ocrx_word' id='word_1_102' title='bbox 244 1767 440 1834; x_wconf 86' lang='lat' dir='ltr'>sermonibus</span> <span class='ocrx_word' id='word_1_103' title='bbox 463 1773 608 1834; x_wconf 86' lang='lat' dir='ltr'>contexta</span> <span class='ocrx_word' id='word_1_104' title='bbox 631 1771 720 1834; x_wconf 89' lang='lat' dir='ltr'>uobis</span> <span class='ocrx_word' id='word_1_105' title='bbox 737 1771 854 1853; x_wconf 85' lang='lat' dir='ltr'>scripta</span> <span class='ocrx_word' id='word_1_106' title='bbox 869 1769 1125 1849; x_wconf 78' lang='lat' dir='ltr'>transmitterem,</span> <span class='ocrx_word' id='word_1_107' title='bbox 1150 1787 1227 1852; x_wconf 86' lang='lat' dir='ltr'>quae</span> 
     </span>
     <span class='ocr_line' id='line_1_14' title="bbox 83 1873 1228 1958; baseline 0.002 -22"><span class='ocrx_word' id='word_1_108' title='bbox 83 1891 152 1952; x_wconf 91' lang='lat' dir='ltr'>nos,</span> <span class='ocrx_word' id='word_1_109' title='bbox 178 1873 205 1936; x_wconf 94' lang='lat' dir='ltr'>si</span> <span class='ocrx_word' id='word_1_110' title='bbox 229 1889 285 1936; x_wconf 93' lang='lat' dir='ltr'>nos</span> <span class='ocrx_word' id='word_1_111' title='bbox 309 1874 504 1957; x_wconf 89' lang='lat' dir='ltr'>simpliciter,</span> <span class='ocrx_word' id='word_1_112' title='bbox 534 1877 570 1938; x_wconf 92' lang='lat' dir='ltr'>nt</span> <span class='ocrx_word' id='word_1_113' title='bbox 592 1874 722 1954; x_wconf 91' lang='lat' dir='ltr'>conlido,</span> <span class='ocrx_word' id='word_1_114' title='bbox 747 1875 886 1958; x_wconf 86' lang='lat' dir='ltr'>diligitis,</span> <span class='ocrx_word' id='word_1_115' title='bbox 909 1878 964 1938; x_wconf 89' lang='lat' dir='ltr'>aut</span> <span class='ocrx_word' id='word_1_116' title='bbox 987 1874 1152 1938; x_wconf 82' lang='lat' dir='ltr'>confestim</span> <span class='ocrx_word' id='word_1_117' title='bbox 1175 1874 1228 1938; x_wconf 91' lang='lat' dir='ltr'>de·</span> 
     </span>
     <span class='ocr_line' id='line_1_15' title="bbox 83 1976 1227 2060; baseline 0.001 -20"><span class='ocrx_word' id='word_1_118' title='bbox 83 1976 200 2055; x_wconf 88' lang='lat' dir='ltr'>lebitis,</span> <span class='ocrx_word' id='word_1_119' title='bbox 225 1995 274 2056; x_wconf 88' lang='lat' dir='ltr'>ne,</span> <span class='ocrx_word' id='word_1_120' title='bbox 298 1977 379 2058; x_wconf 89' lang='lat' dir='ltr'>quod</span> <span class='ocrx_word' id='word_1_121' title='bbox 409 1977 499 2042; x_wconf 89' lang='lat' dir='ltr'>uobis</span> <span class='ocrx_word' id='word_1_122' title='bbox 522 1978 607 2042; x_wconf 91' lang='lat' dir='ltr'>cordi</span> <span class='ocrx_word' id='word_1_123' title='bbox 638 1983 696 2058; x_wconf 90' lang='lat' dir='ltr'>est,</span> <span class='ocrx_word' id='word_1_124' title='bbox 725 1979 794 2042; x_wconf 89' lang='lat' dir='ltr'>aliis</span> <span class='ocrx_word' id='word_1_125' title='bbox 817 1979 944 2060; x_wconf 87' lang='lat' dir='ltr'>incipiat</span> <span class='ocrx_word' id='word_1_126' title='bbox 967 1997 1034 2042; x_wconf 89' lang='lat' dir='ltr'>esse</span> <span class='ocrx_word' id='word_1_127' title='bbox 1058 1978 1227 2060; x_wconf 90' lang='lat' dir='ltr'>despectui,</span> 
     </span>
     <span class='ocr_line' id='line_1_16' title="bbox 85 2081 1280 2164; baseline 0.001 -21"><span class='ocrx_word' id='word_1_128' title='bbox 85 2081 161 2164; x_wconf 88' lang='lat' dir='ltr'>quia</span> <span class='ocrx_word' id='word_1_129' title='bbox 185 2097 248 2144; x_wconf 90' lang='lat' dir='ltr'>non</span> <span class='ocrx_word' id='word_1_130' title='bbox 271 2082 393 2162; x_wconf 90' lang='lat' dir='ltr'>aequali</span> <span class='ocrx_word' id='word_1_131' title='bbox 416 2083 528 2146; x_wconf 90' lang='lat' dir='ltr'>iudicio</span> <span class='ocrx_word' id='word_1_132' title='bbox 552 2099 639 2147; x_wconf 90' lang='lat' dir='ltr'>amor</span> <span class='ocrx_word' id='word_1_133' title='bbox 662 2083 748 2147; x_wconf 84' lang='lat' dir='ltr'>audit</span> <span class='ocrx_word' id='word_1_134' title='bbox 771 2083 940 2162; x_wconf 92' lang='lat' dir='ltr'>etodium,</span> <span class='ocrx_word' id='word_1_135' title='bbox 964 2085 1018 2146; x_wconf 87' lang='lat' dir='ltr'>aut</span> <span class='ocrx_word' id='word_1_136' title='bbox 1040 2087 1123 2146; x_wconf 90' lang='lat' dir='ltr'>certe</span> <span class='ocrx_word' id='word_1_137' title='bbox 1138 2083 1228 2146; x_wconf 89' lang='lat' dir='ltr'>nobis</span> <span class='ocrx_word' id='word_1_138' title='bbox 1257 2106 1280 2144; x_wconf 78' lang='lat' dir='ltr'>a</span> 
     </span>
     <span class='ocr_line' id='line_1_17' title="bbox 84 2185 1229 2269; baseline 0.003 -21"><span class='ocrx_word' id='word_1_139' title='bbox 84 2189 214 2249; x_wconf 88' lang='lat' dir='ltr'>tantum</span> <span class='ocrx_word' id='word_1_140' title='bbox 237 2185 405 2268; x_wconf 87' lang='lat' dir='ltr'>relegenda</span> <span class='ocrx_word' id='word_1_141' title='bbox 427 2185 605 2268; x_wconf 89' lang='lat' dir='ltr'>seruabitis,</span> <span class='ocrx_word' id='word_1_142' title='bbox 635 2191 679 2268; x_wconf 90' lang='lat' dir='ltr'>nt,</span> <span class='ocrx_word' id='word_1_143' title='bbox 710 2188 832 2269; x_wconf 88' lang='lat' dir='ltr'>quoties</span> <span class='ocrx_word' id='word_1_144' title='bbox 854 2187 886 2250; x_wconf 95' lang='lat' dir='ltr'>in</span> <span class='ocrx_word' id='word_1_145' title='bbox 909 2187 999 2250; x_wconf 91' lang='lat' dir='ltr'>uobis</span> <span class='ocrx_word' id='word_1_146' title='bbox 1024 2187 1150 2251; x_wconf 91' lang='lat' dir='ltr'>uidendi</span> <span class='ocrx_word' id='word_1_147' title='bbox 1173 2205 1229 2252; x_wconf 92' lang='lat' dir='ltr'>nos</span> 
     </span>
     <span class='ocr_line' id='line_1_18' title="bbox 83 2289 1229 2374; baseline 0.001 -21"><span class='ocrx_word' id='word_1_148' title='bbox 83 2290 225 2354; x_wconf 85' lang='lat' dir='ltr'>caritatis</span> <span class='ocrx_word' id='word_1_149' title='bbox 255 2289 337 2372; x_wconf 89' lang='lat' dir='ltr'>ignis</span> <span class='ocrx_word' id='word_1_150' title='bbox 369 2291 498 2371; x_wconf 78' lang='lat' dir='ltr'>exarsit,</span> <span class='ocrx_word' id='word_1_151' title='bbox 532 2291 719 2356; x_wconf 87' lang='lat' dir='ltr'>desiderium</span> <span class='ocrx_word' id='word_1_152' title='bbox 756 2295 897 2356; x_wconf 89' lang='lat' dir='ltr'>uestrum</span> <span class='ocrx_word' id='word_1_153' title='bbox 931 2309 1038 2355; x_wconf 88' lang='lat' dir='ltr'>eorum</span> <span class='ocrx_word' id='word_1_154' title='bbox 1069 2292 1229 2374; x_wconf 88' lang='lat' dir='ltr'>conloquio</span> 
     </span>
     <span class='ocr_line' id='line_1_19' title="bbox 83 2393 1229 2476; baseline 0.001 -18"><span class='ocrx_word' id='word_1_155' title='bbox 83 2393 278 2476; x_wconf 85' lang='lat' dir='ltr'>temperetis.</span> <span class='ocrx_word' id='word_1_156' title='bbox 313 2395 387 2476; x_wconf 88' lang='lat' dir='ltr'>quin</span> <span class='ocrx_word' id='word_1_157' title='bbox 412 2395 517 2475; x_wconf 90' lang='lat' dir='ltr'>etiam,</span> <span class='ocrx_word' id='word_1_158' title='bbox 541 2399 576 2459; x_wconf 92' lang='lat' dir='ltr'>ut</span> <span class='ocrx_word' id='word_1_159' title='bbox 599 2396 714 2460; x_wconf 90' lang='lat' dir='ltr'>amoris</span> <span class='ocrx_word' id='word_1_160' title='bbox 731 2397 828 2460; x_wconf 90' lang='lat' dir='ltr'>nostri</span> <span class='ocrx_word' id='word_1_161' title='bbox 848 2396 930 2460; x_wconf 89' lang='lat' dir='ltr'>circe</span> <span class='ocrx_word' id='word_1_162' title='bbox 946 2413 1002 2460; x_wconf 91' lang='lat' dir='ltr'>uos</span> <span class='ocrx_word' id='word_1_163' title='bbox 1019 2395 1229 2460; x_wconf 81' lang='lat' dir='ltr'>sinceritatem</span> 
     </span>
    </p>
   </div>
   <div class='ocr_carea' id='block_1_3' title="bbox 82 2497 1283 3100">
    <p class='ocr_par' dir='ltr' id='par_1_3' title="bbox 82 2497 1283 3100">
     <span class='ocr_line' id='line_1_20' title="bbox 82 2497 1230 2583; baseline 0.001 -21"><span class='ocrx_word' id='word_1_164' title='bbox 82 2499 210 2580; x_wconf 91' lang='lat' dir='ltr'>plenius</span> <span class='ocrx_word' id='word_1_165' title='bbox 234 2499 414 2579; x_wconf 88' lang='lat' dir='ltr'>nosceretis,</span> <span class='ocrx_word' id='word_1_166' title='bbox 437 2497 578 2582; x_wconf 86' lang='lat' dir='ltr'>&lt;nuribus</span> <span class='ocrx_word' id='word_1_167' title='bbox 602 2499 732 2583; x_wconf 79' lang='lat' dir='ltr'>uestris&gt;</span> <span class='ocrx_word' id='word_1_168' title='bbox 753 2499 900 2564; x_wconf 88' lang='lat' dir='ltr'>iniuriam</span> <span class='ocrx_word' id='word_1_169' title='bbox 916 2499 1030 2564; x_wconf 81' lang='lat' dir='ltr'>inferre</span> <span class='ocrx_word' id='word_1_170' title='bbox 1047 2517 1230 2583; x_wconf 87' lang='lat' dir='ltr'>praesump-</span> 
     </span>
     <span class='ocr_line' id='line_1_21' title="bbox 84 2603 1283 2685; baseline -0.003 -19"><span class='ocrx_word' id='word_1_171' title='bbox 84 2603 198 2680; x_wconf 89' lang='lat' dir='ltr'>simus,</span> <span class='ocrx_word' id='word_1_172' title='bbox 223 2603 296 2682; x_wconf 87' lang='lat' dir='ltr'>quic</span> <span class='ocrx_word' id='word_1_173' title='bbox 318 2604 394 2666; x_wconf 88' lang='lat' dir='ltr'>certi</span> <span class='ocrx_word' id='word_1_174' title='bbox 417 2621 537 2682; x_wconf 92' lang='lat' dir='ltr'>sumus,</span> <span class='ocrx_word' id='word_1_175' title='bbox 561 2604 643 2685; x_wconf 90' lang='lat' dir='ltr'>quod</span> <span class='ocrx_word' id='word_1_176' title='bbox 666 2622 726 2668; x_wconf 88' lang='lat' dir='ltr'>non</span> <span class='ocrx_word' id='word_1_177' title='bbox 750 2607 815 2667; x_wconf 87' lang='lat' dir='ltr'>tarn</span> <span class='ocrx_word' id='word_1_178' title='bbox 840 2603 958 2667; x_wconf 89' lang='lat' dir='ltr'>diserta</span> <span class='ocrx_word' id='word_1_179' title='bbox 978 2603 1107 2685; x_wconf 87' lang='lat' dir='ltr'>cupiunt</span> <span class='ocrx_word' id='word_1_180' title='bbox 1123 2603 1229 2666; x_wconf 85' lang='lat' dir='ltr'>audire</span> <span class='ocrx_word' id='word_1_181' title='bbox 1257 2625 1283 2663; x_wconf 76' lang='lat' dir='ltr'>ro</span> 
     </span>
     <span class='ocr_line' id='line_1_22' title="bbox 84 2705 1230 2790; baseline 0 -20"><span class='ocrx_word' id='word_1_182' title='bbox 84 2725 183 2789; x_wconf 85' lang='lat' dir='ltr'>qnam</span> <span class='ocrx_word' id='word_1_183' title='bbox 215 2705 317 2786; x_wconf 82' lang='lat' dir='ltr'>fortia,</span> <span class='ocrx_word' id='word_1_184' title='bbox 349 2724 411 2770; x_wconf 95' lang='lat' dir='ltr'>non</span> <span class='ocrx_word' id='word_1_185' title='bbox 439 2710 563 2770; x_wconf 87' lang='lat' dir='ltr'>tantum</span> <span class='ocrx_word' id='word_1_186' title='bbox 588 2707 775 2790; x_wconf 85' lang='lat' dir='ltr'>uoluptucsa</span> <span class='ocrx_word' id='word_1_187' title='bbox 798 2723 891 2789; x_wconf 89' lang='lat' dir='ltr'>quam</span> <span class='ocrx_word' id='word_1_188' title='bbox 915 2725 999 2770; x_wconf 88' lang='lat' dir='ltr'>uera.</span> <span class='ocrx_word' id='word_1_189' title='bbox 1044 2710 1230 2789; x_wconf 87' lang='lat' dir='ltr'>quapropter</span> 
     </span>
     <span class='ocr_line' id='line_1_23' title="bbox 84 2809 1229 2895; baseline 0.001 -21"><span class='ocrx_word' id='word_1_190' title='bbox 84 2809 255 2889; x_wconf 90' lang='lat' dir='ltr'>credimus,</span> <span class='ocrx_word' id='word_1_191' title='bbox 286 2811 368 2892; x_wconf 91' lang='lat' dir='ltr'>quod</span> <span class='ocrx_word' id='word_1_192' title='bbox 397 2812 505 2894; x_wconf 85' lang='lat' dir='ltr'>pietati</span> <span class='ocrx_word' id='word_1_193' title='bbox 528 2815 651 2876; x_wconf 82' lang='lat' dir='ltr'>uestrae</span> <span class='ocrx_word' id='word_1_194' title='bbox 675 2831 732 2876; x_wconf 91' lang='lat' dir='ltr'>nec</span> <span class='ocrx_word' id='word_1_195' title='bbox 755 2811 916 2895; x_wconf 86' lang='lat' dir='ltr'>longitudo</span> <span class='ocrx_word' id='word_1_196' title='bbox 945 2811 1078 2894; x_wconf 88' lang='lat' dir='ltr'>paginae</span> <span class='ocrx_word' id='word_1_197' title='bbox 1106 2815 1229 2876; x_wconf 90' lang='lat' dir='ltr'>nostrae</span> 
     </span>
     <span class='ocr_line' id='line_1_24' title="bbox 84 2913 1229 2996; baseline 0 -18"><span class='ocrx_word' id='word_1_198' title='bbox 84 2913 210 2980; x_wconf 79' lang='lat' dir='ltr'>adierat</span> <span class='ocrx_word' id='word_1_199' title='bbox 224 2914 403 2978; x_wconf 83' lang='lat' dir='ltr'>satietatem</span> <span class='ocrx_word' id='word_1_200' title='bbox 425 2933 483 2978; x_wconf 92' lang='lat' dir='ltr'>nec</span> <span class='ocrx_word' id='word_1_201' title='bbox 504 2916 638 2979; x_wconf 89' lang='lat' dir='ltr'>rusticus</span> <span class='ocrx_word' id='word_1_202' title='bbox 655 2933 757 2979; x_wconf 91' lang='lat' dir='ltr'>sermo</span> <span class='ocrx_word' id='word_1_203' title='bbox 774 2915 946 2994; x_wconf 78' lang='lat' dir='ltr'>fastidium,</span> <span class='ocrx_word' id='word_1_204' title='bbox 970 2914 1114 2994; x_wconf 90' lang='lat' dir='ltr'>scientes,</span> <span class='ocrx_word' id='word_1_205' title='bbox 1137 2915 1229 2996; x_wconf 91' lang='lat' dir='ltr'>quod,</span> 
     </span>
     <span class='ocr_line' id='line_1_25' title="bbox 83 3017 1181 3100; baseline -0.001 -18"><span class='ocrx_word' id='word_1_206' title='bbox 83 3021 205 3100; x_wconf 88' lang='lat' dir='ltr'>quanto</span> <span class='ocrx_word' id='word_1_207' title='bbox 230 3035 286 3081; x_wconf 90' lang='lat' dir='ltr'>nos</span> <span class='ocrx_word' id='word_1_208' title='bbox 310 3019 442 3100; x_wconf 88' lang='lat' dir='ltr'>amplius</span> <span class='ocrx_word' id='word_1_209' title='bbox 466 3019 709 3098; x_wconf 84' lang='lat' dir='ltr'>ruminaueritis,</span> <span class='ocrx_word' id='word_1_210' title='bbox 733 3022 820 3082; x_wconf 85' lang='lat' dir='ltr'>tenio</span> <span class='ocrx_word' id='word_1_211' title='bbox 845 3018 988 3082; x_wconf 88' lang='lat' dir='ltr'>esuriatis</span> <span class='ocrx_word' id='word_1_212' title='bbox 1012 3017 1181 3081; x_wconf 89' lang='lat' dir='ltr'>ardentius.</span> 
     </span>
    </p>
   </div>
   <div class='ocr_carea' id='block_1_4' title="bbox 592 3279 726 3344">
    <p class='ocr_par' dir='ltr' id='par_1_4' title="bbox 592 3279 726 3344">
     <span class='ocr_line' id='line_1_26' title="bbox 592 3279 726 3344; baseline 0 -1"><span class='ocrx_word' id='word_1_213' title='bbox 592 3279 726 3344; x_wconf 73' lang='lat' dir='ltr'>XVIIII.</span> 
     </span>
    </p>
   </div>
   <div class='ocr_carea' id='block_1_5' title="bbox 298 3457 1006 3831">
    <p class='ocr_par' dir='ltr' id='par_1_5' title="bbox 298 3457 1006 3622">
     <span class='ocr_line' id='line_1_27' title="bbox 298 3457 1006 3512; baseline -0.004 -14"><span class='ocrx_word' id='word_1_214' title='bbox 298 3457 416 3499; x_wconf 73' lang='grc' dir='ltr'><strong>ΒΔΝΟΤΟ</strong></span> <span class='ocrx_word' id='word_1_215' title='bbox 440 3457 585 3500; x_wconf 79' lang='lat' dir='ltr'>numerus</span> <span class='ocrx_word' id='word_1_216' title='bbox 609 3457 718 3498; x_wconf 73' lang='lat' dir='ltr'>enisus</span> <span class='ocrx_word' id='word_1_217' title='bbox 742 3457 885 3498; x_wconf 72' lang='lat' dir='ltr'>PATRONO</span> <span class='ocrx_word' id='word_1_218' title='bbox 974 3483 1006 3512; x_wconf 54' lang='lat'>4,</span> 
     </span>
     <span class='ocr_line' id='line_1_28' title="bbox 298 3539 867 3622; baseline 0 -20"><span class='ocrx_word' id='word_1_219' title='bbox 298 3561 420 3604; x_wconf 71' lang='lat' dir='ltr'>seuero</span> <span class='ocrx_word' id='word_1_220' title='bbox 443 3541 569 3605; x_wconf 92' lang='lat' dir='ltr'>monitis</span> <span class='ocrx_word' id='word_1_221' title='bbox 593 3559 706 3622; x_wconf 88' lang='lat' dir='ltr'>parens</span> <span class='ocrx_word' id='word_1_222' title='bbox 729 3539 867 3621; x_wconf 86' lang='lat' dir='ltr'>paternis</span> 
     </span>
    </p>

    <p class='ocr_par' dir='ltr' id='par_1_6' title="bbox 298 3644 996 3831">
     <span class='ocr_line' id='line_1_29' title="bbox 298 3644 906 3710; baseline -0.005 0"><span class='ocrx_word' id='word_1_223' title='bbox 298 3644 409 3710; x_wconf 80' lang='lat' dir='ltr'>Grates</span> <span class='ocrx_word' id='word_1_224' title='bbox 433 3647 567 3710; x_wconf 89' lang='lat' dir='ltr'>concinit</span> <span class='ocrx_word' id='word_1_225' title='bbox 590 3649 621 3708; x_wconf 90' lang='lat' dir='ltr'>et</span> <span class='ocrx_word' id='word_1_226' title='bbox 644 3645 740 3708; x_wconf 82' lang='lat' dir='ltr'>refert</span> <span class='ocrx_word' id='word_1_227' title='bbox 762 3645 906 3708; x_wconf 82' lang='lat' dir='ltr'>salutern.</span> 
     </span>
     <span class='ocr_line' id='line_1_30' title="bbox 298 3745 996 3831; baseline -0.004 -19"><span class='ocrx_word' id='word_1_228' title='bbox 298 3747 398 3829; x_wconf 84' lang='lat' dir='ltr'>Quem</span> <span class='ocrx_word' id='word_1_229' title='bbox 420 3748 544 3814; x_wconf 90' lang='lat' dir='ltr'>blandis</span> <span class='ocrx_word' id='word_1_230' title='bbox 567 3749 711 3831; x_wconf 88' lang='lat' dir='ltr'>precibus</span> <span class='ocrx_word' id='word_1_231' title='bbox 735 3753 824 3831; x_wconf 88' lang='lat' dir='ltr'>rogat</span> <span class='ocrx_word' id='word_1_232' title='bbox 847 3745 996 3826; x_wconf 90' lang='lat' dir='ltr'>timendo,</span> 
     </span>
    </p>
   </div>
   <div class='ocr_carea' id='block_1_6' title="bbox 83 3952 1232 4370">
    <p class='ocr_par' dir='ltr' id='par_1_7' title="bbox 83 3952 1232 4370">
     <span class='ocr_line' id='line_1_31' title="bbox 131 3952 1229 4026; baseline -0.003 -13"><span class='ocrx_word' id='word_1_233' title='bbox 131 3961 145 4013; x_wconf 94' lang='lat'>1</span> <span class='ocrx_word' id='word_1_234' title='bbox 159 3957 203 4025; x_wconf 89' lang='lat' dir='ltr'>ut]</span> <span class='ocrx_word' id='word_1_235' title='bbox 216 3959 271 4012; x_wconf 86' lang='lat' dir='ltr'>ete</span> <span class='ocrx_word' id='word_1_236' title='bbox 324 3959 489 4026; x_wconf 86' lang='lat' dir='ltr'>promeretur</span> <span class='ocrx_word' id='word_1_237' title='bbox 501 3957 693 4024; x_wconf 72' lang='lat' dir='ltr'>Numeremus,</span> <span class='ocrx_word' id='word_1_238' title='bbox 706 3955 839 4025; x_wconf 86' lang='lat' dir='ltr'>promitur</span> <span class='ocrx_word' id='word_1_239' title='bbox 852 3956 881 4022; x_wconf 86' lang='lat' dir='ltr'>S,</span> <span class='ocrx_word' id='word_1_240' title='bbox 894 3957 1032 4024; x_wconf 84' lang='lat' dir='ltr'>promatur</span> <span class='ocrx_word' id='word_1_241' title='bbox 1048 3973 1061 4008; x_wconf 81' lang='lat' dir='ltr'>e</span> <span class='ocrx_word' id='word_1_242' title='bbox 1112 3957 1128 4009; x_wconf 81' lang='lat'>2</span> <span class='ocrx_word' id='word_1_243' title='bbox 1141 3952 1229 4010; x_wconf 80' lang='lat' dir='ltr'>silete</span> 
     </span>
     <span class='ocr_line' id='line_1_32' title="bbox 83 4041 1230 4112; baseline -0.007 -12"><span class='ocrx_word' id='word_1_244' title='bbox 83 4049 101 4100; x_wconf 84' lang='grc'><strong>4</strong></span> <span class='ocrx_word' id='word_1_245' title='bbox 125 4043 275 4097; x_wconf 87' lang='lat' dir='ltr'>cifitiorum</span> <span class='ocrx_word' id='word_1_246' title='bbox 300 4043 323 4098; x_wconf 82' lang='lat' dir='ltr'><em>S</em></span> <span class='ocrx_word' id='word_1_247' title='bbox 391 4045 407 4098; x_wconf 87' lang='lat'><strong>6</strong></span> <span class='ocrx_word' id='word_1_248' title='bbox 429 4044 559 4112; x_wconf 88' lang='lat' dir='ltr'>persentit</span> <span class='ocrx_word' id='word_1_249' title='bbox 576 4044 614 4096; x_wconf 89' lang='lat' dir='ltr'>ita</span> <span class='ocrx_word' id='word_1_250' title='bbox 632 4043 815 4112; x_wconf 72' lang='lat' dir='ltr'>Loetjooann,</span> <span class='ocrx_word' id='word_1_251' title='bbox 838 4041 1017 4110; x_wconf 73' lang='lat' dir='ltr'>perscrutantis</span> <span class='ocrx_word' id='word_1_252' title='bbox 1037 4043 1066 4106; x_wconf 88' lang='lat' dir='ltr'>S,</span> <span class='ocrx_word' id='word_1_253' title='bbox 1084 4041 1230 4109; x_wconf 78' lang='lat' dir='ltr'>persentiat</span> 
     </span>
     <span class='ocr_line' id='line_1_33' title="bbox 84 4125 1231 4198; baseline -0.002 -14"><span class='ocrx_word' id='word_1_254' title='bbox 84 4131 160 4185; x_wconf 83' lang='lat' dir='ltr'>itae</span> <span class='ocrx_word' id='word_1_255' title='bbox 214 4127 283 4184; x_wconf 73' lang='lat' dir='ltr'>aab</span> <span class='ocrx_word' id='word_1_256' title='bbox 302 4128 450 4183; x_wconf 82' lang='lat' dir='ltr'>alic-eum</span> <span class='ocrx_word' id='word_1_257' title='bbox 470 4145 517 4182; x_wconf 89' lang='lat' dir='ltr'>nos</span> <span class='ocrx_word' id='word_1_258' title='bbox 536 4149 616 4186; x_wconf 61' lang='lat' dir='ltr'>cere</span> <span class='ocrx_word' id='word_1_259' title='bbox 671 4133 702 4184; x_wconf 85' lang='lat'>14</span> <span class='ocrx_word' id='word_1_260' title='bbox 721 4130 787 4184; x_wconf 82' lang='lat' dir='ltr'>esS</span> <span class='ocrx_word' id='word_1_261' title='bbox 836 4127 1002 4198; x_wconf 82' lang='lat' dir='ltr'>dispectuiS</span> <span class='ocrx_word' id='word_1_262' title='bbox 1056 4129 1087 4182; x_wconf 85' lang='lat'>15</span> <span class='ocrx_word' id='word_1_263' title='bbox 1100 4125 1231 4182; x_wconf 85' lang='lat' dir='ltr'>inditicS</span> 
     </span>
     <span class='ocr_line' id='line_1_34' title="bbox 86 4214 1232 4286; baseline -0.004 -13"><span class='ocrx_word' id='word_1_264' title='bbox 86 4221 120 4273; x_wconf 86' lang='lat'>19</span> <span class='ocrx_word' id='word_1_265' title='bbox 154 4214 265 4269; x_wconf 86' lang='lat' dir='ltr'>auribus</span> <span class='ocrx_word' id='word_1_266' title='bbox 292 4217 387 4270; x_wconf 71' lang='lat' dir='ltr'>neruis</span> <span class='ocrx_word' id='word_1_267' title='bbox 414 4217 514 4270; x_wconf 80' lang='lat' dir='ltr'>addidi</span> <span class='ocrx_word' id='word_1_268' title='bbox 536 4223 683 4286; x_wconf 64' lang='lat' dir='ltr'>maerente</span> <span class='ocrx_word' id='word_1_269' title='bbox 709 4217 846 4272; x_wconf 77' lang='lat' dir='ltr'>Knesobic</span> <span class='ocrx_word' id='word_1_270' title='bbox 874 4215 932 4270; x_wconf 86' lang='lat' dir='ltr'>coll.</span> <span class='ocrx_word' id='word_1_271' title='bbox 950 4231 980 4282; x_wconf 82' lang='lat' dir='ltr'>p.</span> <span class='ocrx_word' id='word_1_272' title='bbox 1002 4217 1062 4280; x_wconf 79' lang='lat'>362,</span> <span class='ocrx_word' id='word_1_273' title='bbox 1082 4217 1107 4280; x_wconf 89' lang='grc'>9,</span> <span class='ocrx_word' id='word_1_274' title='bbox 1134 4231 1185 4268; x_wconf 77' lang='lat' dir='ltr'>om.</span> <span class='ocrx_word' id='word_1_275' title='bbox 1209 4215 1232 4268; x_wconf 84' lang='lat' dir='ltr'><em>S</em></span> 
     </span>
     <span class='ocr_line' id='line_1_35' title="bbox 83 4299 1230 4370; baseline -0.004 -10"><span class='ocrx_word' id='word_1_276' title='bbox 83 4307 120 4360; x_wconf 83' lang='lat'>20</span> <span class='ocrx_word' id='word_1_277' title='bbox 139 4302 207 4356; x_wconf 80' lang='lat' dir='ltr'>certi</span> <span class='ocrx_word' id='word_1_278' title='bbox 226 4317 317 4356; x_wconf 87' lang='lat' dir='ltr'>sumus</span> <span class='ocrx_word' id='word_1_279' title='bbox 336 4321 358 4370; x_wconf 84' lang='lat' dir='ltr'>c,</span> <span class='ocrx_word' id='word_1_280' title='bbox 377 4303 585 4357; x_wconf 81' lang='lat' dir='ltr'>certissimusS</span> <span class='ocrx_word' id='word_1_281' title='bbox 647 4301 790 4356; x_wconf 85' lang='lat' dir='ltr'>desertaS</span> <span class='ocrx_word' id='word_1_282' title='bbox 857 4303 889 4356; x_wconf 82' lang='lat'>21</span> <span class='ocrx_word' id='word_1_283' title='bbox 910 4299 1034 4354; x_wconf 81' lang='lat' dir='ltr'>lorciaS</span> <span class='ocrx_word' id='word_1_284' title='bbox 1102 4300 1179 4352; x_wconf 72' lang='lat' dir='ltr'>tantu</span> <span class='ocrx_word' id='word_1_285' title='bbox 1199 4299 1230 4366; x_wconf 74' lang='lat' dir='ltr'>S,</span> 
     </span>
    </p>
   </div>
   <div class='ocr_carea' id='block_1_7' title="bbox 84 4389 1074 4524">
    <p class='ocr_par' dir='ltr' id='par_1_8' title="bbox 84 4389 1074 4524">
     <span class='ocr_line' id='line_1_36' title="bbox 84 4389 1074 4501; baseline 0 -57"><span class='ocrx_word' id='word_1_286' title='bbox 84 4397 144 4444; x_wconf 83' lang='lat' dir='ltr'>tam</span> <span class='ocrx_word' id='word_1_287' title='bbox 166 4409 179 4444; x_wconf 80' lang='grc' dir='ltr'>ι·</span> <span class='ocrx_word' id='word_1_288' title='bbox 234 4391 268 4444; x_wconf 80' lang='lat'>23</span> <span class='ocrx_word' id='word_1_289' title='bbox 286 4389 481 4444; x_wconf 74' lang='lat' dir='ltr'>sacietatemb‘</span> <span class='ocrx_word' id='word_1_290' title='bbox 532 4393 565 4444; x_wconf 80' lang='lat'>29</span> <span class='ocrx_word' id='word_1_291' title='bbox 585 4389 702 4457; x_wconf 83' lang='lat' dir='ltr'>ragatS</span> <span class='ocrx_word' id='word_1_292' title='bbox 1061 4471 1074 4501; x_wconf 46' lang='lat'>⁸</span> 
     </span>
     <span class='ocr_line' id='line_1_37' title="bbox 1026 4476 1059 4524; baseline 0 0"><span class='ocrx_word' id='word_1_293' title='bbox 1026 4476 1059 4524; x_wconf 74' lang='lat'>26</span> 
     </span>
    </p>
   </div>
   <div class='ocr_carea' id='block_1_8' title="bbox 0 0 1482 4930">
    <p class='ocr_par' dir='ltr' id='par_1_9' title="bbox 0 0 1482 4930">
     <span class='ocr_line' id='line_1_38' title="bbox 0 0 1482 4930; baseline 0 0"><span class='ocrx_word' id='word_1_294' title='bbox 0 0 1482 4930; x_wconf 95' lang='lat' dir='ltr'> </span> 
     </span>
    </p>
   </div>
  </div>
 </body>
</html>
