2920 4928
553 440 797 509 Prelegomena.
1204 440 1240 492 Χ]

148 614 266 695 Quodsi
282 615 413 680 Eunicus
438 616 469 680 in
493 634 589 680 causa
610 617 679 696 fuit,
703 623 738 680 ut
754 617 890 680 Faustus
913 635 940 680 a.
957 615 1018 678 411
1044 616 1076 679 in
1100 616 1240 679 exsilium

107 720 284 802 pelleretur,
307 721 361 785 illc
384 722 510 784 demum
534 725 657 785 mortue
681 705 841 785 13311113
864 719 928 782 485
951 721 984 784 in
1007 720 1139 803 patriam
1160 720 1242 784 hune

106 823 234 888 rediisse
258 825 450 890 uerisimile
474 828 532 890 est.
571 844 630 909 quo
652 825 720 889 lece
743 825 830 888 exsul
853 825 975 906 uixerit,
999 826 1165 904 nescimus,
1189 825 1243 887 sed

106 929 205 992 exsilii
234 929 339 994 lecum
368 930 460 1013 lenge
491 929 530 994 ab
558 929 694 1012 Arelate
713 930 829 994 afuisse
860 949 895 993 31(
922 929 1031 993 Fausti
1060 929 1173 993 litteris
1204 929 1242 992 ad

105 1031 250 1112 Felicem,
278 1033 379 1098 lilium
403 1034 512 1117 Magni
540 1035 687 1114 consulis,
716 1035 769 1115 qui
797 1035 959 1116 disciplina
986 1033 1107 1098 Leontii
1133 1031 1242 1096 Arela-

104 1137 201 1200 tensis
229 1137 389 1218 utebatur,
418 1157 454 1202 ex
482 1139 589 1203 exsilia
618 1138 697 1202 datis
725 1139 949 1222 intellegimus,
981 1138 1019 1202 ef.
1041 1158 1070 1220 p.
1095 1135 1165 1217 195,
1185 1134 1241 1200 20:

101 1263 162 1326 par
190 1251 358 1306 tantarum
384 1251 483 1304 33313
510 1240 694 1305 interualla
721 1241 887 1327 1391331331
917 1251 945 1304 31
969 1263 1031 1326 per
1058 1249 1103 1302 tol
1131 1261 1242 1303 reram

104 1347 275 1410 interiecta
299 1346 494 1410 discrimina
515 1346 560 1408 ad
579 1367 637 1409 ace
656 1368 758 1430 napae
780 1345 989 1408 latitudinem
1007 1354 1137 1408 3331133
1157 1345 1242 1407 eari-

104 1451 180 1514 tctia
197 1450 382 1528 actenditts,
398 1455 430 1516 et
445 1451 543 1516 uerba
555 1453 707 1536 epistulae
721 1452 759 1516 ad
771 1451 932 1516 Ruricium
944 1452 974 1515 in
988 1451 1093 1515 exsilio
1110 1451 1242 1534 scriptae

102 1575 131 1638 p.
148 1553 223 1637 211,
240 1555 275 1621 6:
300 1556 477 1619 1113331313
501 1553 671 1642 celipionia'
695 1577 834 1641 congruo
858 1565 886 1618 31
910 1553 1186 1640 tranquillissimo
1206 1554 1240 1616 ia

101 1659 232 1724 silentio
263 1660 432 1723 constituti
455 1660 625 1746 praecanti
657 1659 855 1723 insultamus
887 1658 1003 1723 coasilio
1026 1660 1179 1725 Faustum
1208 1661 1240 1724 iu

102 1765 206 1848 aliquo
235 1767 424 1830 monasterie
453 1767 592 1830 exsulem
619 1766 741 1850 degisse
770 1765 996 1830 demonstrant,
1043 1765 1155 1829 ultima
1177 1766 1241 1847 epi-

101 1871 185 1934 stula
208 1865 300 1934 nabis
321 1874 448 1934 seruata
471 1888 490 1934 a
512 1870 627 1937 Fausto
651 1889 687 1933 31
711 1871 816 1934 exsilio
839 1887 964 1933 13113133
985 1869 1100 1952 scripta
1119 1873 1177 1949 est,
1201 1871 1240 1933 cf.

100 1995 129 2058 p.
146 1973 222 2056 218,
242 1974 295 2040 16:
325 1973 436 2060 gratia
463 1973 508 2037 ad
534 1995 602 2052 333,
631 1973 708 2036 dum
734 1972 828 2036 uobis
857 1973 894 2036 (13
917 1973 1036 2058 patria
1058 1971 1240 2048 scribimus,

100 2078 158 2162 qui
185 2077 277 2142 nobie
300 2079 451 2164 patriam
479 2078 516 2140 in
542 2079 807 2164 peregrinatione
830 2077 962 2164 fecistis
994 2082 1024 2142 et
1054 2079 1239 2142 documento

101 2188 149 2248 est
171 2183 326 2248 Faustum
349 2183 477 2248 rediisse
502 2184 539 2248 ad
563 2183 672 2248 sedem
694 2184 902 2267 episcopalem
925 2183 1099 2247 Reiensem.

142 2287 213 2368 Quo
236 2305 316 2352 31113
340 2291 481 2352 mortuus
504 2288 547 2352 sit
566 2287 710 2367 Faustus,
734 2306 860 2370 prorsus
891 2289 1045 2352 incertum
1068 2291 1116 2352 est
1138 2306 1239 2370 neque

98 2395 267 2474 quicquam
294 2393 452 2457 lucramur
475 2411 511 2456 31
535 2391 688 2458 Gennadii
711 2391 748 2455 de
771 2391 886 2456 Fausto
909 2392 1087 2456 testimonie
1110 2391 1237 2474 (denir.

99 2496 142 2560 111.
164 2515 191 2560 c.
209 2494 276 2581 86),
305 2498 357 2579 qui
384 2497 471 2560 dicit:
504 2495 589 2559 uiua
616 2517 692 2558 3333
719 2495 863 2582 egregiae
896 2495 1005 2558 doctor
1035 2505 1064 2558 et
1093 2495 1240 2559 creditur·

98 2609 126 2661 et
149 2597 329 2686 probatur,
357 2619 437 2683 quae
464 2601 571 2682 uerba,
600 2601 723 2666 etiamsi
751 2601 788 2665 de
816 2601 931 2664 Fausto
959 2601 1030 2664 uiue
1058 2600 1140 2664 dicta
1170 2620 1238 2664 esse

98 2709 243 2788 possunt,
266 2723 329 2769 non
351 2704 476 2786 debent,
501 2705 578 2769 nihil
601 2705 726 2768 adrem
747 2709 887 2769 nestram
908 2705 1037 2785 iaciunt,
1062 2709 1238 2769 3111113313-

96 2811 188 2894 logus
212 2809 368 2875 Gennadii
396 2827 477 2874 annc
506 2806 659 2874 1313480
686 2811 748 2873 iam
777 2809 879 2874 editus
907 2809 946 2874 sit
975 2808 1150 2892 1311111311,
1178 2809 1238 2873 Ge·

96 2913 239 2979 schichte
255 2913 309 2978 der
325 2913 709 2978 christlich-lateinischen
725 2914 879 2978 litaretur
895 2911 1004 2997 1421)
1020 2917 1050 2977 et
1067 2915 1236 2997 capitulum

97 3019 175 3083 illud
199 3019 238 3082 de
258 3019 375 3084 Fausto
399 3023 482 3083 33113
507 3019 570 3083 iam
593 3019 753 3100 aliquante
776 3019 861 3102 prius
883 3020 1031 3101 scriptum
1052 3019 1147 3082 luisse
1167 3019 1237 3082 inde

96 3126 258 3207 appareat,
283 3123 366 3205 qued
388 3123 594 3188 additamenti
617 3123 717 3187 instar
740 3125 857 3188 mentio
885 3123 920 3188 lit
943 3124 1094 3206 epistulae
1118 3123 1156 3187 ad
1180 3123 1237 3186 Fe-

95 3228 190 3292 licem
207 3245 244 3290 31
260 3227 367 3292 exsilio
383 3227 488 3292 datae:
511 3227 645 3312 scripsit
663 3236 800 3312 postca
823 3225 867 3289 ad
886 3225 1070 3290 Felicem..
1089 3277 1095 3290 .
1114 3227 1236 3312 epicla-

95 3327 174 3405 lnm,
198 3333 244 3396 ita
258 3335 293 3396 ut
316 3331 431 3412 omnia,
455 3349 534 3414 quae
557 3337 651 3396 antea
674 3335 915 3396 enumerauerat
931 3331 1111 3397 Gennadius
1128 3332 1235 3396 Fausti

94 3437 225 3520 scripta,
245 3439 317 3500 ante
333 3437 474 3500 exsilium
491 3437 575 3501 edita
591 3456 659 3500 esse
680 3437 854 3501 uideantur.
880 3437 1033 3501 Faustum
1054 3437 1085 3500 in
1101 3437 1235 3520 patriam

94 3557 259 3604 reuersum
276 3557 347 3604 mcx
363 3540 477 3604 obiisse
501 3541 670 3605 statuimus
693 3543 867 3624 propterea,
890 3541 972 3622 qued
995 3545 1118 3622 praeter
1138 3559 1236 3624 pauca

94 3645 150 3708 illa
173 3662 193 3708 a
216 3643 306 3708 nabis
330 3645 425 3709 allata
447 3645 524 3709 nihil
548 3645 585 3709 de
608 3645 704 3730 gestis
727 3649 798 3728 pest
819 3645 954 3709 reditum
978 3646 1128 3710 traditum
1148 3665 1235 3728 repe-

93 3749 206 3814 rimus.
244 3752 316 3832 past
345 3767 463 3813 annum
492 3747 558 3812 500
588 3753 681 3829 certe,
713 3767 785 3813 cum
808 3748 924 3813 Auitus
954 3751 1120 3832 epistulam
1145 3769 1236 3832 quar·

94 3857 162 3917 tam
195 3853 280 3917 dedit
309 3853 348 3918 ad
380 3852 610 3918 Gundebadum
641 3873 762 3938 regem,
794 3873 864 3917 eum
895 3855 958 3917 iam
989 3854 1108 3936 aliquot
1137 3873 1234 3919 annes

94 3961 256 4022 mortuum
275 3957 371 4021 fnisse
393 3957 553 4022 exueritis
577 3979 668 4041 quem
687 3957 785 4020 etiam
805 3955 913 4042 pieria
936 3967 1048 4019 uestra
1071 3969 1234 4020 (1333131

93 4061 130 4124 de
154 4061 274 4126 Fausta
297 4061 388 4126 dictis
411 4065 523 4144 sponte
546 4062 750 4146 intellegitur.

136 4166 228 4230 Haec
249 4165 314 4230 iere
331 4166 368 4230 de
385 4165 490 4230 Fausti
514 4167 580 4230 uita
602 4166 660 4230 133
679 4167 746 4230 1333
764 4184 954 4230 memorasse
971 4166 1113 4231 sufficiat.
1152 4185 1234 4231 nunc

92 4271 130 4336 de
155 4271 225 4334 eius
249 4271 372 4353 scriptis
396 4288 536 4352 agemus,
560 4271 597 4333 de
621 4269 732 4352 quibus
756 4269 936 4335 Gennadius
965 4271 1041 4334 1333
1065 4271 1159 4334 113111
1182 4271 1234 4354 (de

92 4377 150 4440 uu.
169 4375 214 4438 m.
232 4393 257 4438 e.
275 4371 344 4457 asp:
