2954 4930
240 422 304 487 352
751 425 876 478 Ruricii

239 599 351 681 spretis
367 598 556 664 caelestibus
571 599 702 681 inhiare,
726 600 799 683 quia
821 617 968 683 corpus,
992 598 1087 682 quod
1109 599 1390 681 corrumpitur,
1470 624 1471 682 ι

238 701 422 786 adgrauat
449 704 623 785 animam,
651 708 686 768 ut
708 705 856 770 inclinare
879 723 987 769 aurem
1010 722 1101 768 suam
1125 704 1163 768 ad
1185 705 1313 769 oracula
1341 705 1391 767 di·
1470 689 1471 718 ³

238 807 313 871 uine
343 825 405 872 uon
436 808 544 890 possit,
575 813 611 873 ut
641 809 768 873 domum
799 808 898 891 patris
928 807 1118 874 obliuiscens
1149 807 1390 891 oboediensque

238 912 379 976 uocantis
410 912 539 995 imperio
573 912 610 977 de
642 916 725 977 terra
755 931 812 977 sua
842 899 878 977 et'
901 913 1086 997 cognatione
1116 912 1254 976 discedat
1284 915 1388 995 atque

198 1041 211 1082 ι
236 1017 335 1096 illam,
358 1033 438 1098 quae
461 1017 486 1080 ei
511 1017 752 1098 demonstratur,
775 1018 880 1100 potius
904 1018 1112 1100 concupiscat.
1146 1055 1149 1062 .

280 1120 351 1184 Non
385 1121 469 1185 euim
504 1121 604 1185 adhuc
638 1123 723 1186 ualet
756 1121 911 1205 pusillitas
942 1126 1048 1186 nostra
1078 1125 1197 1186 metum
1227 1120 1387 1186 obnoxiae

237 1225 422 1290 conditionis
446 1227 597 1310 expellere
618 1229 649 1290 et
664 1226 787 1291 caritati
802 1226 957 1309 perfectae
973 1229 1106 1310 purgata
1122 1227 1214 1290 eorda
1228 1245 1386 1304 reserare,

236 1333 273 1394 ut
294 1329 508 1412 relinquentes
537 1330 712 1413 praesentia
741 1335 884 1414 petamus
912 1333 1039 1395 aeterna
1061 1329 1218 1412 eiectoque
1244 1329 1386 1396 ancillae

236 1433 376 1518 (herede)
397 1434 600 1499 hereditatem
624 1437 788 1518 paternam
809 1435 898 1500 liberi
920 1435 1078 1518 possimus
1101 1435 1237 1518 adipisci.
1280 1453 1384 1516 quam

185 1566 211 1605 ro
236 1538 366 1604 obrem
396 1556 497 1622 spero,
528 1539 653 1604 domine
683 1540 737 1620 mi,
769 1543 804 1603 ut
826 1557 881 1622 pro
905 1557 956 1603 me
979 1539 1192 1604 indesinenter
1214 1539 1308 1603 oretis
1337 1543 1384 1620 et,

236 1644 356 1724 quoties
395 1642 514 1728 dignati
551 1643 672 1708 fueritis
712 1643 889 1708 ariditatem
922 1647 1024 1708 terrae
1059 1661 1147 1708 meae
1181 1643 1385 1724 eloquentiae

235 1749 358 1812 uestrae
381 1747 483 1812 imbre
506 1747 702 1831 perfundere,
726 1765 788 1812 non
812 1747 899 1827 mihi,
923 1748 1003 1812 sicut
1025 1765 1108 1812 nuuc
1130 1747 1249 1812 fecistis
1273 1746 1383 1810 adhuc

235 1869 324 1915 meae
354 1851 544 1916 infirmitatis
568 1853 679 1936 ignari,
710 1851 857 1916 delicatos
882 1855 913 1916 et
936 1852 1042 1916 dulces
1065 1850 1160 1932 cibos,
1191 1851 1245 1916 sed
1269 1855 1383 1915 auste-
1474 1846 1475 1902 ἕ

234 1957 330 2022 riores
361 1960 393 2022 et
422 1956 608 2040 aegritudini
639 1974 727 2020 meae
750 1974 903 2040 congruos
927 1957 1113 2040 suggeratis,
1143 1956 1298 2038 quianon
1323 1975 1383 2019 ex-

184 2061 366 2143 opediunt
400 2061 495 2124 stulto
533 2060 674 2141 deliciae,
712 2061 912 2142 postmodum
946 2059 1153 2144 proditoribus
1187 2059 1266 2124 meis
1300 2075 1382 2124 een-

235 2165 353 2230 sorium
375 2163 550 2249 praebeatis
574 2165 754 2246 adsensum,
782 2165 834 2248 qui
856 2183 942 2230 more
965 2164 1095 2228 humani
1118 2163 1236 2247 ingenii
1257 2161 1380 2228 adiectu

234 2269 329 2334 nimio
351 2269 525 2352 praepediti
548 2273 581 2334 et
602 2287 621 2333 a
643 2269 775 2334 ueritate
797 2269 899 2334 iudicii
922 2269 1115 2334 declinantes
1138 2269 1301 2334 incurrunt
1315 2285 1379 2351 pro

234 2391 339 2438 amore
360 2374 566 2440 mendacium.
607 2393 681 2440 sane
704 2392 762 2440 nec
785 2378 930 2439 uereatnr
946 2375 1093 2440 sanctitas
1109 2377 1225 2454 uestra,
1248 2389 1287 2436 ne
1302 2373 1378 2436 uul-

234 2477 360 2543 neribus
376 2479 455 2543 meis
470 2479 586 2563 gratior
602 2479 644 2543 sit
659 2480 795 2544 fouentis
812 2479 937 2543 dextera
952 2495 1047 2561 quam
1070 2478 1215 2558 secantis,
1240 2476 1311 2559 quia
1336 2495 1378 2541 ea

180 2607 206 2648 ιο
232 2601 289 2646 uec
304 2601 324 2646 a
338 2601 388 2648 me
400 2600 492 2666 posse
508 2584 609 2648 curari
626 2587 778 2648 ettamen
793 2584 930 2668 grauiter
946 2583 1161 2667 conputruisse
1177 2581 1301 2646 domino
1316 2579 1377 2646 do-

232 2691 327 2752 nante
357 2688 421 2752 iam
451 2688 562 2753 sentio.
608 2691 639 2753 et
669 2689 737 2752 ideo
765 2688 856 2772 eligo,
886 2692 922 2752 ut
944 2707 995 2752 me
1017 2689 1118 2752 iustus
1142 2685 1375 2751 misericordiae

232 2791 444 2874 increpatione
466 2793 621 2876 corripiat,
645 2811 740 2876 quam
763 2797 858 2877 caput
879 2811 986 2857 meum
1009 2792 1112 2856 oleum
1136 2791 1305 2874 peccatoris
1321 2790 1376 2854 in-

230 2897 369 2980 pinguet.
415 2897 547 2981 supplici
577 2898 682 2979 itaque
712 2915 803 2981 prece
834 2897 976 2980 deposco,
1007 2900 1042 2961 ut
1072 2895 1110 2960 de
1140 2895 1192 2960 illo
1223 2895 1373 2959 thesauro

231 3001 437 3084 penetralium
457 3003 645 3082 uestrorum,
668 3001 751 3066 unde
767 3019 849 3066 noua
864 3005 896 3066 et
910 3003 1018 3066 nemra
1032 2999 1169 3084 proferre
1185 2999 1370 3078 consuestis,

179 3129 204 3168 ss
231 3105 414 3188 peritissimi
436 3108 543 3189 utpote
566 3105 688 3186 medici,
711 3107 764 3188 qui
787 3105 1002 3188 languentium
1022 3105 1204 3169 innumeras
1220 3107 1250 3168 et
1264 3102 1370 3166 uarias

336 3329 362 3399 1]
382 3329 442 3400 Sap.
456 3333 480 3394 9,
496 3333 536 3386 15.
584 3329 612 3400 2]
631 3328 730 3384 Psalm.
744 3331 785 3394 44,
802 3332 840 3386 ll.
888 3328 1095 3397 4]Geu.12‚l.
1143 3327 1172 3397 8]
1192 3327 1256 3382 Gen.
1269 3327 1312 3389 21,
1327 3329 1370 3381 lo.

230 3415 275 3484 21]
294 3415 394 3470 Psalm.
408 3418 465 3480 140,
479 3419 503 3471 5.
556 3415 600 3486 23]
619 3416 715 3470 Matth.
731 3419 771 3480 13,
784 3419 825 3472 52.

276 3623 481 3680 leelestibusb'
525 3590 643 3680 dautem
657 3625 680 3681 S
696 3625 722 3692 (r
739 3643 809 3680 maa.
824 3627 882 3692 alt.)
929 3626 977 3678 sub
991 3625 1015 3680 S
1029 3625 1224 3692 (mauult.)
1269 3620 1369 3676 80in-

229 3738 333 3792 uiscens
356 3739 417 3806 Kr,
441 3736 540 3792 obliuio
565 3737 588 3794 S
650 3735 790 3790 oboediens
813 3753 913 3804 quaec
980 3739 997 3792 4
1016 3702 1117 3790 110ch
1136 3736 1204 3804 S(n
1222 3752 1293 3790 muer.
1307 3735 1370 3800 cit.)

230 3825 423 3894 cognitiones
485 3825 693 3895 Spresentiab'
759 3823 893 3892 siccaque
911 3822 1041 3878 ancillae
1109 3821 1241 3878 9heredc
1257 3821 1369 3888 addidi,

229 3929 280 3968 om.
294 3913 325 3979 S,
343 3913 470 3968 Macram
487 3914 624 3982 aipuificut
641 3911 702 3980 Kr,
725 3909 780 3964 filio
802 3911 881 3966 addit
898 3911 1074 3982 chctjobuaa
1144 3925 1196 3980 qua
1219 3923 1321 3963 merem
1348 3909 1373 3964 S

231 4001 264 4056 12
285 3999 398 4068 facistis]
421 4003 448 4052 et
470 4000 566 4055 addo
638 4001 670 4055 13
693 3997 862 4054 dilicatosS
930 3997 1057 4067 cyboeS
1126 4002 1158 4054 14
1176 3997 1371 4066 egritudinis

231 4089 262 4142 15
280 4085 507 4156 praedicatoribus
524 4087 575 4142 Kr.
632 4087 664 4142 16
682 4084 813 4154 prebeatis
832 4085 855 4140 S
909 4087 939 4140 17
953 4087 1124 4155 etaecra'pai,
1142 4102 1269 4140 mestrem
1281 4087 1371 4140 trin

228 4174 379 4230 litterarum
396 4174 500 4229 exbibet
518 4173 547 4242 S,
566 4175 597 4227 in
614 4190 668 4243 qua
687 4187 703 4226 a
720 4173 846 4228 marcuit
859 4173 896 4229 8²
948 4171 1074 4228 inditiis
1127 4175 1159 4228 18
1177 4171 1237 4239 uec]
1255 4171 1316 4240 llllec
1330 4173 1371 4228 8¹

230 4287 261 4340 19
284 4287 403 4339 secantes
426 4285 463 4342 8¹
533 4286 567 4340 20
589 4301 605 4338 a
626 4303 712 4341 omo
782 4285 895 4340 dantev
964 4287 996 4341 21
1016 4251 1117 4339 iustum
1137 4284 1200 4350 S(s
1217 4285 1374 4352 anomali.)

227 4373 261 4426 24
280 4371 462 4428 consuistisS
