2886 4928
497 433 593 488 Liber
610 432 638 487 11
660 437 767 489 10-11.

603 662 658 726 Xl.

82 819 312 880 intumuerunt,
336 823 420 872 Quor)
444 822 534 864 olcus
554 822 640 864 11111111
661 821 750 863 11111111
773 820 825 862 lun
845 820 931 862 Urunt
952 819 1036 860 melu
1056 819 1200 862 spriritum

83 905 218 968 8111011111,
247 911 332 958 Quot)
359 911 401 950 DE
424 909 557 950 Pununru
586 908 751 952 cuderunt
780 908 852 966 Uibu,
876 906 961 956 QUOD
984 906 1115 948 nrumnu
1139 907 1202 946 SIN-

240 997 331 1039 ouuls
354 997 455 1039 Pirous
477 997 569 1055 UUM',
593 997 656 1038 ulcr
678 996 780 1038 NULLO
803 994 890 1036 MODO
913 993 1028 1044 Possl'r.

117 1130 215 1213 Uides,
239 1133 320 1215 quod
344 1133 426 1197 siout
448 1151 528 1196 nnus
551 1135 640 1215 poter
663 1134 695 1196 et
717 1149 797 1196 unus
820 1129 903 1194 filius
931 1130 975 1194 ito
997 1133 1030 1195 et
1051 1148 1132 1194 unus
1155 1133 1203 1193 est
1243 1155 1255 1194 s

82 1235 194 1316 spiritns
217 1241 354 1317 sanetus,
378 1239 459 1301 siout
482 1239 707 1318 consequenter
730 1234 883 1318 assignet:
911 1234 1048 1298 etenim
1071 1233 1108 1297 in
1131 1251 1202 1297 nno

81 1339 203 1420 spiritu
223 1342 343 1424 potati
363 1359 500 1404 snmus.
531 1340 592 1420 bio,
613 1340 640 1404 si
660 1339 698 1402 de
717 1338 808 1422 plebe
828 1337 878 1402 nel
899 1337 1100 1401 multitudine
1117 1355 1204 1400 oreu-

81 1445 156 1509 tnrne
171 1451 264 1526 esset,
287 1465 368 1510 unns
385 1445 446 1509 diei
468 1445 594 1510 omnino
617 1462 679 1508 non
702 1447 817 1532 posset.
849 1447 882 1506 et
904 1460 975 1506 ennr
998 1442 1048 1506 bio
1070 1440 1202 1505 bebess:

81 1547 191 1630 elteri,
221 1550 333 1632 inquit,
364 1550 472 1614 datur
502 1549 598 1614 iides
629 1549 665 1612 in
692 1548 819 1612 eodem
841 1546 992 1630 spiritu,
1023 1546 1092 1627 quis
1122 1546 1204 1610 hene

80 1649 161 1718 idern
183 1654 308 1735 tribnat,
339 1655 423 1720 idem
446 1654 485 1718 od
508 1653 685 1718 Corinthios
708 1651 866 1735 apostolus
890 1651 1060 1715 deolerauit
1082 1649 1202 1714 dioens:
1231 1675 1256 1714 n

80 1761 110 1818 el
129 1759 325 1841 unicuique
348 1759 448 1823 sieut
469 1759 557 1822 dens
581 1757 712 1822 diuisit
734 1773 945 1820 mensuram
968 1755 1069 1819 fidei.
1106 1755 1202 1834 uides,

79 1863 149 1939 quod
171 1863 382 1928 indubitnnter
405 1863 488 1926 hune
511 1861 582 1926 fidei
605 1861 772 1925 diuisorem
796 1860 889 1924 deum
913 1879 981 1924 esse
1010 1859 1202 1942 pronuntiet.

79 1963 142 2030 lieet
169 1968 199 2033 in
230 1971 294 2032 tenr
326 1967 491 2050 multiplici
514 1970 673 2031 tantorum
697 1983 862 2029 munerum
885 1965 1029 2048 largitate
1051 1964 1120 2046 ipso
1149 1983 1204 2046 por

80 2087 107 2131 se
129 2071 357 2156 magnificentie
380 2071 481 2156 operis
504 2071 678 2154 potentiam
701 2071 846 2152 loquetur
869 2069 1012 2149 auotoris,
1037 2071 1142 2132 temen
1166 2068 1203 2132 de

80 2175 165 2240 eoite
183 2177 349 2242 oonolnsit:
373 2177 463 2240 haee
486 2179 608 2240 eutem
632 2175 755 2240 onrnie
777 2177 952 2256 operatur
975 2191 1070 2236 unus
1094 2175 1203 2254 etque
1232 2197 1256 2237 n

79 2275 164 2344 idem
184 2279 343 2364 spiritus
367 2281 538 2344 diuidens
563 2279 723 2363 singulis
747 2281 857 2362 prout
878 2277 975 2358 uult,
1004 2277 1083 2341 sient
1099 2279 1130 2340 et
1145 2277 1204 2342 olio

79 2379 150 2448 loeo:
183 2385 339 2468 spiritus
370 2383 431 2448 ubi
466 2385 548 2449 nult
581 2384 714 2466 spirat,
750 2385 782 2447 et
815 2383 942 2446 iterum:
978 2385 1013 2446 et
1046 2381 1204 2465 spiritns

80 2489 190 2553 saneti
220 2487 555 2554 distributionibus
589 2487 791 2552 seeundum
826 2505 929 2551 suern
959 2487 1203 2550 uoluntatem.
1282 2483 1289 2496 ’

79 2607 134 2655 uon
154 2593 204 2658 bie
227 2612 301 2678 ergo
324 2597 373 2658 est
395 2592 553 2658 subiectae
577 2593 784 2656 ministerium
808 2591 978 2671 seruitutis
1009 2590 1062 2655 sed
1090 2589 1206 2654 liberes

80 2695 231 2762 arbitrium
243 2698 405 2782 potestatis
419 2702 514 2780 etque
527 2697 559 2761 in
572 2697 753 2761 oeelestium
769 2695 920 2760 bonorum
937 2693 1205 2759 distributionibus
1232 2719 1259 2760 eo

79 2817 211 2866 snnrnree
233 2802 389 2886 largitatis
412 2805 461 2866 est
482 2801 667 2865 inexhauste
688 2801 797 2882 pietas.
837 2799 917 2882 qnod
941 2799 1031 2862 dioit:
1062 2803 1094 2862 et
1117 2798 1208 2881 spiri-

80 2907 126 2966 tns
143 2907 241 2970 saneti
262 2905 546 2986 distributionibus
571 2905 630 2970 iste
646 2903 837 2983 distributor,
860 2903 891 2967 id
907 2907 955 2967 est
970 2903 1084 2967 diuisor
1100 2905 1205 2966 utrum

80 3005 147 3072 dens
170 3010 219 3090 sit,
244 3010 283 3074 ed
306 3009 483 3075 Corinthios
506 3009 610 3074 doeuit
632 3009 752 3073 dicens:
785 3011 822 3072 et
844 3007 1053 3072 diuisiones
1081 3023 1207 3090 opere·

80 3111 212 3178 tionum
236 3117 337 3194 sunt,
368 3113 466 3178 idem
489 3117 614 3178 eutem
637 3113 736 3177 deus.
774 3112 908 3196 legimus
935 3112 966 3176 in
990 3109 1110 3175 entibus
1134 3129 1208 3194 apo-

79 3217 235 3283 stolorum:
267 3218 468 3298 attendite,
499 3219 611 3300 inquit,
642 3217 749 3282 nobis
773 3221 808 3280 et
830 3215 1007 3280 uniuerso
1029 3215 1149 3300 gregi,
1176 3216 1208 3280 in
1235 3241 1260 3280 rs

80 3337 141 3400 quo
155 3339 217 3387 nos
234 3323 390 3406 spiritus
407 3325 561 3388 sanetus
581 3323 707 3406 posuit
727 3321 922 3405 episcopos
942 3339 1072 3404 regere
1093 3319 1208 3384 ecole-

80 3423 165 3490 siam
187 3427 254 3492 dei.
290 3427 383 3508 buno,
404 3427 456 3509 qui
472 3427 576 3510 posuit
591 3427 752 3510 episcopos
768 3426 801 3489 in
817 3424 958 3505 ecclesie,
979 3424 1017 3488 ad
1032 3423 1209 3490 Corinthios

80 3543 132 3592 uas
153 3530 311 3596 electionis
335 3531 428 3596 deum
452 3549 520 3596 esse
543 3531 683 3595 declaret
705 3531 748 3595 ita
774 3530 893 3594 dicens:
925 3529 1102 3612 quosdam
1133 3529 1210 3610 qui·

174 3659 201 3729 o]
222 3663 233 3716 1
250 3659 420 3723 cor.1e‚1o.
478 3658 507 3728 o]
529 3657 616 3715 reor.
630 3661 671 3722 re,
684 3661 708 3713 e.
740 3695 744 3704 .
764 3657 808 3727 11]
827 3656 904 3711 nom.
919 3659 959 3723 12,
972 3659 996 3714 3.
1061 3657 1104 3726 rs]
1121 3655 1208 3714 icor.

81 3745 167 3806 12‚11.
216 3747 259 3818 17]
278 3745 439 3812 loenn.3,8.
487 3744 638 3814 Hebr.2,4.
685 3744 926 3814 23]1cor.12,o.
980 3743 1208 3814 reluctetur.

80 3829 123 3899 28}
140 3835 151 3888 l
166 3833 223 3888 (lor.
239 3835 334 3898 1228.

121 3947 190 4000 sest
206 3965 291 4004 oeno
361 3945 535 4016 dessingnet
553 3947 581 4000 P
649 3912 767 4002 'luimus
785 3947 813 4000 P
829 3946 858 4012 (u
877 3963 948 4000 oron.
968 3945 1027 4013 ott.)
1096 3943 1128 3998 de
1146 3950 1210 4000 anto

81 4029 242 4088 multitudine
260 4033 348 4090 denuo
366 4033 430 4088 odd.
449 4033 476 4089 12
528 4032 672 4090 Somnino
690 4031 777 4087 dicio
836 4034 868 4088 13
887 4032 1030 4086 numerorri
1048 4031 1076 4086 P
1132 4033 1164 4086 17
1183 4035 1210 4084 et

81 4113 169 4172 iterum
186 4139 236 4175 orn.
256 4121 283 4176 R
346 4122 377 4176 19
396 4119 514 4174 subieete
532 4121 560 4174 P
621 4119 864 4174 ministeriorumv
923 4117 1006 4172 libere
1024 4119 1051 4174 R
1106 4119 1137 4173 21
1157 4115 1209 4170 ler-

80 4201 179 4264 rituP
221 4207 374 4262 exhaustae
420 4207 567 4277 pietatieP
611 4207 769 4275 quomodoo
815 4203 1209 4274 22distributionibusooripoi‚

82 4287 267 4348 distributionis
287 4295 339 4350 ΡΗ
391 4293 453 4364 iste]
472 4297 514 4348 est
531 4295 566 4362 R,
584 4293 634 4348 iste
653 4299 727 4350 esto
779 4296 814 4351 23
831 4292 948 4364 operatio
965 4291 993 4349 R
1049 4293 1083 4348 26
1102 4307 1166 4364 quos
1185 4291 1212 4348 Ρ

80 4375 113 4430 21
129 4379 305 4442 eoelesinmR
