2924 4924
264 431 328 496 250
713 433 778 488 mn
799 434 908 488 Sermo
927 437 950 489 l.

264 610 337 692 quia
364 609 457 674 fidem
485 611 569 676 intra
592 631 625 675 se
648 611 810 676 continent
836 612 995 677 trinitatis.
1042 613 1096 678 sed
1123 613 1294 694 uideamus,
1324 611 1380 693 qnid

264 713 338 777 dicit
360 733 462 779 sermo
485 715 619 780 diuinus.
666 717 735 801 ipsa
757 733 847 782 sacra
868 719 1039 782 tractemus
1062 717 1218 802 euangelii
1240 717 1360 783 oracula

307 818 343 882 ln
368 818 454 884 Cana
476 818 635 885 Galilaeae
658 838 773 903 aquam
796 821 828 885 in
851 821 925 886 uina
939 822 1094 886 conuertit
1116 825 1148 886 et
1169 821 1318 887 latentem
1337 819 1382 884 sol

264 922 388 987 homine
423 923 584 988 dominum
618 943 747 1008 opernm
781 925 895 990 uirtute
929 926 1052 991 detexit.
1118 929 1154 990 et
1186 926 1260 1007 dic,
1293 925 1384 1008 inquit,

224 1052 237 1090 e
265 1027 380 1092 tortia
410 1028 747 1112 nuptiaeliebant.
793 1029 847 1094 sed
875 1047 955 1112 quac
983 1034 1055 1094 sunt
1083 1030 1162 1096 istae
1189 1031 1314 1113 nuptiae
1338 1029 1385 1094 nisi

263 1131 377 1214 gandia
404 1133 515 1197 salutis
542 1133 721 1198 humanae?
766 1153 862 1216 quare
885 1135 934 1200 die
961 1135 1074 1200 tertia?
1125 1135 1192 1199 siue
1216 1135 1288 1216 qnia
1312 1133 1386 1198 nobis

264 1237 449 1319 mysterium
477 1238 624 1303 trinitatis
652 1239 802 1320 ostendit,
831 1237 897 1304 siue
925 1240 1006 1322 quod
1033 1239 1081 1304 die
1108 1239 1203 1304 tertia
1228 1239 1386 1304 resurrexit.

159 1409 162 1416 ,
264 1340 368 1423 itaque
391 1345 553 1425 tamquam
578 1361 711 1427 sponsus
738 1343 910 1427 procedens
933 1344 971 1408 de
999 1345 1137 1408 thalamo
1166 1361 1223 1408 suo
1246 1343 1387 1408 descendit

265 1445 303 1508 ad
326 1449 424 1512 terras
448 1451 480 1511 et
503 1448 650 1514 eeclesiae
683 1469 718 1513 er
745 1448 892 1532 gentibus
919 1447 1155 1533 congregandae
1185 1453 1328 1532 suscepta
1350 1449 1387 1512 in·

212 1575 237 1614 ro
263 1551 442 1615 carnatione
465 1553 649 1636 iungendos.
696 1555 744 1618 cni
768 1554 893 1637 quidem
917 1554 1077 1634 ecclesiae,
1106 1571 1185 1635 quae
1212 1555 1318 1636 ntique
1342 1570 1386 1616 nos

264 1673 383 1736 sumus,
407 1659 438 1720 et
460 1675 547 1721 arras
563 1661 596 1722 et
610 1658 714 1723 dotem
737 1659 831 1722 dedit.
879 1675 964 1722 arras
985 1657 1079 1738 dedit,
1103 1657 1227 1740 quando
1250 1657 1336 1722 nobis
1349 1659 1386 1718 cst

264 1759 391 1844 exlege
414 1761 596 1844 promissus,
623 1762 728 1827 dotem
751 1762 843 1842 dedit,
872 1762 995 1844 qnando
1023 1779 1078 1844 pro
1106 1761 1196 1826 nobis
1223 1761 1386 1826 immolatus

264 1867 319 1928 est.
367 1868 399 1930 et
428 1865 489 1930 alio
523 1866 614 1930 modo
647 1867 706 1932 hoc
738 1869 842 1950 potest
871 1866 984 1949 accipi,
1018 1870 1054 1930 ut
1083 1883 1168 1930 arras
1204 1869 1385 1950 praesentem

263 1969 408 2052 gratiam,
432 1969 537 2034 dotem
561 1971 782 2056 intellegamus
804 1971 904 2036 uitam
927 1973 1096 2035 aeternam.
1131 1970 1304 2050 uideamus,
1325 1967 1386 2050 qnid

212 2097 237 2136 c
264 2075 330 2158 agit
351 2075 382 2138 in
399 2073 486 2140 Cana
501 2075 668 2141 Galilaeae.
707 2077 757 2140 hic
779 2077 842 2140 iam
865 2069 999 2160 prodant
1020 2073 1111 2140 nobis
1134 2075 1228 2140 dcnm
1251 2072 1387 2158 stupenda

264 2179 422 2244 miracula.

307 2282 492 2349 statuuntur
515 2285 641 2368 hydriae
664 2286 823 2369 capientes
847 2289 996 2350 metretas
1019 2285 1109 2348 hines
1132 2284 1183 2348 ucl
1206 2288 1318 2348 ternas.
1350 2283 1387 2344 in·

263 2389 388 2470 plentur
416 2389 553 2472 hydriae,
582 2395 744 2454 mutantur
772 2389 875 2454 subito
904 2407 1002 2471 aquae
1033 2389 1176 2453 homines
1203 2386 1386 2470 postmodnm

264 2495 439 2556 mutaturae
456 2499 497 2574 et,
521 2494 597 2558 dum
620 2495 651 2558 in
675 2495 786 2559 melius
810 2497 982 2573 mutantur,
1006 2493 1094 2557 uelut
1116 2492 1312 2575 baptismatis
1333 2489 1385 2552 nior

211 2621 238 2660 eo
263 2597 442 2680 loquuntur.
488 2599 623 2681 quodam
647 2599 738 2664 modo
761 2600 792 2664 in
816 2599 877 2664 illis
902 2597 1072 2663 similitudo
1094 2595 1333 2680 regenerationis
1347 2611 1388 2656 er·

263 2701 409 2784 primitur·
437 2707 477 2783 et,
510 2703 584 2767 dum
613 2703 697 2768 aliud
728 2723 765 2766 ex
793 2703 852 2768 alio
880 2701 1067 2782 efficiuntur,
1099 2701 1174 2765 dum
1205 2701 1237 2765 in
1270 2699 1387 2783 speciem

264 2806 432 2888 gratiorem
466 2808 594 2872 inferior
627 2811 771 2872 creatura
804 2807 1000 2887 transfertur,
1035 2805 1221 2889 mysterium
1252 2801 1388 2869 secundae

264 2911 438 2976 natiuitatis
462 2912 606 2994 aperitur.
647 2911 723 2976 nihil
747 2912 780 2974 in
804 2912 877 2993 ipsis
902 2911 991 2992 aquis
1015 2911 1053 2974 de
1081 2927 1138 2974 sna
1161 2910 1332 2992 quantitate
1352 2905 1390 2968 io·

265 3016 415 3080 minuitur
439 3020 479 3096 et,
503 3016 578 3080 dum
601 3017 683 3081 inse
706 3019 880 3096 manerent,
905 3033 972 3080 ase
995 3015 1122 3080 omnino
1146 3013 1243 3079 nobili
1265 3028 1389 3078 commn-

213 3144 239 3183 rs
265 3121 382 3184 tatione
416 3121 616 3204 degenerant.
670 3123 802 3205 pereunt
839 3118 1034 3184 substantiae
1072 3136 1162 3198 snae,
1201 3119 1389 3201 adquiruntur

265 3224 394 3290 alienae.
444 3225 552 3290 fortior
587 3226 675 3290 tenni
708 3225 857 3289 materiae
888 3207 1062 3306 adquiritur
1096 3241 1188 3306 sapor
1219 3227 1251 3288 et
1282 3218 1389 3288 occulte

250 3431 254 3438 ’
369 3451 397 3520 r]
417 3451 546 3515 manna
562 3453 583 3505 1.

310 3673 322 3725 1
343 3653 389 3723 nl
402 3671 432 3724 D
485 3668 624 3722 uideamus
642 3671 723 3738 Aac,
741 3667 879 3720 ueniamus
898 3669 928 3721 D
980 3671 996 3722 2
1014 3669 1161 3720 tractemus
1178 3667 1286 3735 scripsi,
1306 3666 1391 3715 tracto·

265 3773 324 3812 mus
343 3758 380 3824 D,
398 3759 573 3810 retractemus
592 3757 662 3826 Aop.
733 3753 882 3822 euuangelii
902 3755 931 3808 D
1001 3753 1138 3808 3chanan
1158 3753 1188 3807 D
1248 3743 1391 3820 galileacl)

265 3860 361 3914 aquam
379 3845 478 3914 scripsi
495 3845 554 3900 coll.
571 3847 673 3914 p249,
687 3847 728 3911 18,
747 3857 816 3910 aqna
834 3843 871 3910 D,
890 3857 971 3909 aquas
989 3843 1060 3911 Aop.
1123 3839 1226 3893 latente
1245 3840 1272 3893 D
1326 3833 1391 3890 lin·

265 3931 330 4001 quid
349 3933 378 3987 D
431 3930 513 4033 dead¹
530 3946 596 4000 quae
614 3931 723 4000 scripsi,
741 3943 756 3993 y
775 3945 825 3997 que
845 3929 881 3998 D,
900 3943 966 3996 qnae
980 3929 1056 4030 paup.
1117 3927 1166 3980 iste
1185 3928 1215 3981 D
1269 3922 1391 3982 adiscer-

266 4045 307 4099 dit
325 4045 355 4100 D
415 4043 561 4113 9gen'hus
580 4044 610 4098 D
673 4045 701 4098 ll
722 4045 805 4095 totem
825 4043 855 4096 D
918 4044 949 4096 15
968 4055 1067 4094 canam
1088 4041 1116 4094 D
1174 4028 1392 4108 prodeantetdel

266 4137 337 4204 cop.
358 4133 456 4188 Duce.
520 4134 552 4186 18
570 4131 662 4199 ydriae
682 4131 710 4184 D
772 4131 908 4182 motantur
927 4130 956 4184 D
1013 4132 1045 4183 lll
1064 4131 1196 4181 motatore
1215 4127 1245 4182 D
1300 4125 1392 4178 molan·

266 4225 310 4274 tur
329 4221 358 4275 D
409 4217 578 4274 babtismatis
597 4219 626 4272 D
678 4219 712 4273 20
730 4217 857 4285 loqrmtur
870 4217 899 4270 D
952 4219 984 4271 21
1005 4215 1071 4269 aliut
1085 4216 1113 4269 D
1166 4217 1201 4270 22
1217 4205 1393 4284 grationemll

267 4307 381 4360 secunde
398 4307 478 4362 Dhie
530 4307 563 4360 23
582 4305 733 4372 quantitate
752 4306 833 4374 Aup,
852 4303 979 4372 qualitate
998 4303 1027 4357 D
1080 4303 1114 4358 24
1131 4305 1195 4371 [orl.
1215 4301 1329 4366 manent,
1347 4307 1393 4347 ma·

267 4395 431 4467 neaotAup.
480 4392 685 4450 commotatione
698 4393 728 4446 D
774 4393 808 4448 25
821 4390 969 4462 perinntD
1015 4393 1049 4448 ‘ld
1062 4387 1162 4462 dhaene
1176 4389 1206 4448 D
1253 4377 1395 4458 matyriyll
