2920 4928
239 400 301 455 LVI
322 475 324 478 ·
685 357 925 470 Prolcgomena.

240 579 385 656 exstaret,
408 595 508 658 neque
531 596 568 640 ex
583 556 739 641 codicibus
762 577 902 660 singulas
925 579 1047 641 tantum
1069 578 1259 642 collectionis
1276 578 1376 642 horni-

238 680 296 744 lias
312 679 530 745 exhibentibus
546 683 680 745 multum
696 682 774 746 lucri
793 682 1038 746 redundaturum
1060 682 1166 762 fuisse,
1183 682 1308 746 etiarnsi
1325 702 1374 746 eos

239 784 419 867 conquirere
441 787 624 866 potuissem,
649 786 797 850 uiderem.
836 786 964 850 minoris
988 788 1070 850 enirn
1087 787 1238 851 momenti
1251 787 1376 866 menda,

240 889 352 973 quibus
368 889 396 952 D
413 889 553 968 'inlectus
578 894 634 970 cst,
660 891 795 954 maxima
818 910 853 954 ex
875 894 964 974 parte
986 892 1053 974 ipse
1078 892 1187 955 senarii
1210 895 1242 956 et
1264 909 1375 973 pauca,

240 1011 319 1075 quae
342 993 512 1074 restabant,
536 1013 572 1056 ex
587 993 717 1058 Maximi
733 994 936 1058 Taurincnsis
957 998 988 1060 et
1002 995 1173 1078 Augustini
1189 995 1376 1060 editionibus

239 1097 392 1181 corrigere
415 1098 492 1161 milri
514 1098 654 1182 contigit.

284 1200 431 1266 Ceterum
454 1202 565 1266 addere
588 1203 646 1266 hoc
668 1204 735 1267 loco
751 1203 834 1268 haud
851 1221 1119 1286 superuacaneum
1134 1207 1210 1286 puto
1226 1221 1273 1283 ea,
1298 1223 1377 1286 quae

240 1305 394 1370 Henricus
411 1305 612 1371 Schcnlxelius
625 1306 873 1372 Uindobonensis
897 1327 913 1370 e
936 1307 1092 1372 schedulis
1116 1309 1179 1372 suis
1196 1307 1233 1372 de
1248 1309 1377 1390 quibus-

240 1411 313 1474 dam
340 1411 531 1476 collectionis
554 1411 756 1476 Durlacensis'
783 1411 918 1476 homiliis
945 1413 976 1475 in
1003 1412 1160 1476 codicibus
1186 1412 1377 1476 Britannicis

239 1515 360 1579 traditis
387 1515 522 1600 benigne
550 1535 673 1580 mecum
702 1517 954 1580 communicauih
1001 1520 1096 1598 atque
1123 1517 1217 1581 codex
1243 1516 1378 1582 biblio-

240 1620 374 1683 thecae
404 1620 634 1685 cathedralis
658 1621 860 1704 Uigorniae
890 1619 1130 1704 (Worcestcr)
1160 1619 1203 1682 92
1233 1621 1377 1686 saech

240 1723 378 1788 continet
407 1719 588 1788 hoinilIesI
620 1723 714 1806 (0.3,
743 1723 852 1789 Fausti
881 1725 1006 1789 nomine
1035 1725 1239 1808 praescripto)
1271 1729 1304 1788 et
1332 1725 1379 1788 Ill

241 1827 285 1910 (n.
301 1826 366 1910 33).
383 1865 425 1874 -—
445 1827 563 1893 (lodex
580 1827 949 1893 Chellenhamieneis
966 1827 1052 1892 8400
1067 1848 1147 1893 saec.
1159 1828 1237 1893 VIII
1253 1828 1380 1893 exhibet

105 1925 109 1932 “
240 1932 423 1997 homiliasl
454 1931 498 2014 (n.
517 1931 560 2014 7),
591 1933 640 1996 III
668 1931 713 2015 (n.
733 1932 797 2016 17),
827 1933 888 1996 VII
915 1932 959 2016 (n.
976 1931 1043 2017 25),
1073 1933 1121 2022 XI
1150 1933 1193 2017 (n.
1211 1931 1242 2013 0,
1273 1933 1380 1999 Sedati

241 2037 377 2120 episcopi
393 2037 518 2100 nomine
532 2036 747 2121 praescripto),
762 2037 825 2101 XII
841 2036 884 2120 (n.
901 2035 956 2100 10:
973 2035 1149 2100 admonitio
1164 2058 1190 2099 e.
1199 2035 1379 2122 facerim),

240 2143 297 2210 XV
315 2143 358 2225 (n.
371 2140 424 2222 28,
440 2142 582 2206 Faustini
598 2137 723 2206 nomine
740 2141 868 2226 addito),
888 2141 997 2206 XVIII
1013 2142 1056 2225 (n.
1074 2139 1140 2224 36),
1157 2141 1216 2205 XX
1231 2141 1276 2224 (n.
1288 2139 1379 2224 50F).

240 2245 1381 2330 —OodexCantabrigiensie(PcmbrolxeCollegcCambridge)

240 2351 363 2414 numeri
393 2350 500 2414 ordine
530 2350 669 2414 nondum
701 2354 825 2415 notatus
857 2351 988 2414 saecli
1019 2351 1158 2414 continet
1187 2349 1382 2414 homiliasX

241 2455 284 2536 (n.
301 2453 358 2537 44)
381 2459 413 2519 et
435 2455 492 2518 XV
516 2455 559 2537 (n.
578 2453 629 2535 37,
652 2455 793 2520 Faustini
815 2456 940 2519 nomine
963 2453 1177 2538 praescripto).

283 2559 451 2623 Praeterea
473 2559 552 2622 addo
574 2558 738 2623 codicem
760 2559 1007 2622 Barbarinum
1030 2559 1125 2622 XIIII
1140 2556 1184 2620 44
1206 2577 1287 2622 saec.
1304 2559 1385 2623 VIII

243 2663 379 2727 ineuntis
407 2662 564 2726 continere
592 2664 672 2726 inter
701 2664 778 2727 elias
801 2663 830 2726 V
853 2662 1024 2742 homiliam,
1052 2663 1140 2726 cuius
1167 2663 1212 2726 rei
1238 2663 1385 2727 notitiam

241 2768 337 2831 debeo
349 2767 512 2833 deundo
524 2768 661 2831 Haulero
672 2767 723 2851 (cf.
738 2768 903 2851 Flphemer.
916 2786 1022 2850 gymn.
1036 2770 1132 2830 austr.
1149 2763 1232 2829 1890
1246 2787 1277 2850 p.
1293 2765 1383 2850 721).

283 2872 447 2937 Oodicibus
468 2872 551 2936 haud
573 2873 682 2954 paucis
706 2875 830 2936 seruata
853 2875 901 2936 est
922 2872 1051 2936 homilia
1065 2871 1138 2950 XII,
1162 2889 1235 2935 nam
1259 2871 1385 2935 duobus

239 2977 326 3041 libris
349 2976 615 3060 sangallensibus
643 2995 775 3058 quorum
804 2994 898 3060 supra
926 2977 989 3039 iarn
1017 2975 1209 3040 mentionem
1237 2975 1385 3057 fecimus,

239 3081 423 3145 accensendi
451 3085 526 3144 sunt
547 3081 594 3144 hi:
629 3081 741 3144 codex
768 3080 1024 3144 bibli0thecae
1047 3079 1252 3144 Uaticanae
1275 3080 1385 3145 Pala-

239 3183 1386 3268 010021600001111-11(0190),0000101011000100010140

217 3282 219 3292 ⁴
239 3309 318 3354 saec.
329 3290 406 3353 VIII
419 3289 484 3372 (fol.
495 3288 561 3372 22),
574 3290 685 3353 codex
697 3289 934 3352 Monacensis
950 3286 1054 3350 14470
1070 3306 1149 3352 saec.
1163 3287 1383 3353 VIII—VIIII

239 3393 305 3476 (fol.
322 3392 389 3476 62),
412 3393 465 3476 qui
489 3392 559 3457 libri
583 3411 691 3456 omnes
715 3393 830 3456 Fausto
853 3392 1015 3455 homiliam
1038 3391 1200 3456 ascribunt
1223 3395 1255 3456 et
1283 3411 1385 3474 aeque

239 3517 275 3562 ac
302 3498 424 3561 codices
446 3497 664 3580 sangallenses
692 3499 863 3560 extremam
888 3497 953 3560 eius
981 3499 1102 3579 partem
1131 3513 1193 3560 non
1222 3489 1407 3562 exhibent'

239 3603 382 3666 Faustini
394 3619 507 3665 nomen
519 3619 593 3684 prae
606 3620 639 3664 se
652 3601 721 3680 fert,
737 3605 773 3665 ut
786 3599 1088 3665 Cheltenhamiensis
1101 3599 1187 3664 8400
1199 3618 1279 3664 saec.
1293 3601 1386 3682 VIII,

240 3711 271 3771 et
293 3707 447 3789 integram
470 3706 631 3769 homiliam
656 3709 761 3770 seruat
783 3705 897 3769 codex
914 3705 1154 3770 cassinensis
1173 3703 1213 3767 12
1235 3723 1317 3768 saec.
1336 3707 1383 3770 Xl

238 3811 281 3894 (p.
300 3809 360 3874 341
390 3829 491 3872 sermo
520 3807 604 3871 beati
623 3805 777 3893 fanatici
805 3807 948 3894 episcopi
973 3807 1136 3870 dominica
1157 3817 1233 3893 poet
1253 3807 1384 3894 festum

238 3913 344 3977 sancti
367 3911 537 3994 laurentii,
561 3913 600 3976 cl.
618 3913 820 3996 Florilegium
844 3912 1031 3977 cassinense
1054 3911 1172 3997 1181).

282 4019 399 4084 Codicis
422 4017 624 4082 Durlacensis
651 4017 795 4081 homilias
823 4018 855 4080 in
883 4036 981 4081 unum
1009 4035 1119 4099 corpus
1147 4018 1292 4081 collectas
1323 4037 1384 4102 ego
1415 4011 1419 4020 “

238 4125 358 4208 primus
389 4123 523 4187 edendas
554 4123 658 4186 curavi
689 4140 725 4185 ex
756 4121 869 4186 codicis
900 4122 1087 4205 apographo,
1121 4122 1204 4203 quod
1227 4121 1384 4186 Alfredns

238 4228 366 4307 Holder,
389 4226 596 4290 bibliothecae
617 4224 857 4290 Caroliruhanae
881 4225 1070 4315 praefectus,¹
1093 4226 1226 4290 confecit
1248 4229 1279 4288 et
1301 4243 1329 4288 c.
1357 4247 1382 4290 r.

240 4330 400 4400 academia
414 4331 589 4396 litterarum
605 4329 855 4395 Uindobonensis
872 4348 978 4394 meum
1000 4330 1034 4393 in
1057 4348 1150 4393 usum
1171 4329 1270 4412 pretio
1291 4347 1384 4395 com-
