2920 4928
522 431 763 500 Prolegomena.
1005 493 1008 498 ¹
1126 430 1213 485 LXIX

90 626 235 673 occurrere
265 607 391 673 iubetur
422 607 465 691 (p.
481 605 555 687 410,
572 605 606 682 33
631 607 669 671 cl.
688 625 783 690 supra
805 627 833 690 p.
857 606 965 690 LXV).
1011 607 1159 671 Leontius
1184 612 1215 672 et

89 711 265 778 Aurelianus
289 714 363 795 quin
381 713 497 776 Ruricii
519 711 575 776 filii
598 711 737 775 cmuales
760 712 885 791 furer-int,
910 711 1053 793 equidem
1076 730 1137 776 non
1157 712 1213 775 du-

88 815 152 880 bito.
189 821 278 882 eraut
300 817 385 881 enim
410 817 491 901 apud
512 815 706 882 Uictorinum
730 816 908 899 episcopum
932 817 1064 879 fortasse
1087 815 1213 880 Foroiu-

89 921 216 1002 liensem,
248 923 302 1004 qui
325 923 503 986 nominatur
525 922 557 984 in
580 920 658 985 actis
682 921 803 984 concilii
825 920 1018 1004 Agathcusis
1045 939 1126 984 anno
1149 919 1213 984 506

89 1025 183 1106 habiti,
213 1027 262 1090 cui
292 1030 399 1090 tamen
429 1044 489 1090 non
520 1027 587 1108 ipse
617 1024 769 1104 interfuit,
800 1025 855 1088 sed
883 1024 1055 1088 Iohannem
1085 1025 1213 1108 presby-

89 1131 178 1193 terum
193 1131 340 1214 Agathan
365 1131 459 1194 misit.
499 1131 538 1194 ad
553 1129 749 1194 Uictorinum
772 1129 866 1212 igitur
888 1129 971 1192 hune
993 1129 1112 1192 litteras
1136 1130 1212 1193 dans

11 1293 13 1298 ,
89 1233 216 1298 Ruricius
239 1235 314 1298 dicit
337 1233 379 1317 (p.
397 1231 471 1314 425,
491 1233 558 1318 13):
582 1231 627 1295 ad
649 1231 830 1318 aagendam
852 1232 941 1294 circa
963 1253 1019 1294 nos
1043 1232 1212 1295 caritatem

89 1347 216 1400 uestram
239 1337 303 1401 dae
329 1337 456 1400 lamina
478 1346 591 1400 nostra
612 1335 771 1413 detinetis,
794 1335 1015 1399 Aurelianum
1031 1336 1102 1399 alico
1118 1347 1212 1422 atquo

89 1438 250 1520 Iemutiuna
277 1447 309 1507 ct
330 1443 424 1525 paulo
439 1447 510 1524 post
525 1441 568 1524 (p.
585 1439 660 1522 425,
676 1439 746 1524 21);
772 1461 857 1526 rapo,
881 1449 917 1502 ut
935 1439 1108 1525 praefatos
1132 1439 1212 1504 aal-

87 1545 247 1608 claoimos
270 1543 450 1609 stimulos
469 1545 644 1630 pectoris
667 1537 737 1607 urei
759 1553 868 1607 nostro
891 1544 1018 1607 nomine
1040 1545 1212 1630 sospitetis,

88 1668 156 1730 quae
177 1651 274 1716 uerba
296 1651 357 1716 nisi
380 1651 417 1714 de
441 1651 512 1715 liliis
536 1649 712 1714 carnalibus
736 1649 873 1714 scribere
896 1668 958 1713 non
981 1651 1091 1732 potuit.
1135 1651 1212 1714 adde

87 1755 158 1834 quod
182 1757 212 1820 in
241 1755 377 1838 epistula
399 1755 431 1818 Π
453 1752 495 1816 49
523 1755 562 1818 ad
583 1753 802 1836 Aprunculum
831 1754 1009 1836 episcopum
1033 1753 1212 1817 Aruernum

87 1857 149 1923 datu
163 1861 295 1944 legimus
312 1859 354 1942 (p.
367 1857 441 1939 432,
457 1857 504 1943 l):
521 1856 607 1920 unde
619 1879 682 1942 per
695 1857 849 1920 hominene
859 1855 958 1942 filii
973 1857 1044 1920 mei
1060 1857 1213 1920 Leontii

87 1959 201 2026 1111111
223 1961 443 2048 apostolatum
465 1971 611 2025 uestrum
634 1961 720 2038 dedi,
745 1963 798 2026 ubi
821 1965 942 2045 patrem
963 1962 1000 2024 do
1016 1961 1072 2025 filii
1086 1963 1212 2027 homine

87 2069 208 2146 quodum
238 2069 323 2150 loqui
353 2086 415 2132 non
443 2071 491 2132 est
516 2067 706 2147 mirandum,
737 2067 817 2148 quod
841 2067 922 2150 apud
944 2067 1104 2131 Aruernos
1128 2085 1212 2130 com-

87 2170 179 2250 plures
201 2173 339 2236 familiae
362 2172 548 2236 Rurieianac
572 2171 663 2235 amici
686 2175 785 2251 erant,
816 2171 854 2234 de
878 2171 990 2252 quibus
1015 2189 1084 2234 mox
1107 2170 1212 2234 dicen·

87 2273 151 2339 dum
172 2283 227 2357 est,
251 2281 344 2358 atque
368 2275 600 2340 Ommatius·et
622 2275 791 2357 Rparchius
815 2275 937 2355 fratrea,
966 2275 1005 2338 ad
1028 2293 1104 2357 quos
1128 2275 1212 2338 facili

87 2383 198 2462 negotio
228 2382 388 2445 homiuem
420 2380 569 2444 Leontius
601 2379 682 2461 apud
712 2379 909 2444 Uictorinum
939 2379 1054 2461 degens
1089 2379 1211 2443 mittere

87 2489 208 2564 poterat,
243 2487 288 2549 ila
321 2488 357 2548 ut
391 2485 481 2548 illum
516 2485 611 2548 etium
645 2483 807 2548 Ruricium
839 2484 925 2564 prius
960 2483 1042 2547 adire
1080 2482 1209 2546 iuberet.

87 2587 214 2668 ignotum
239 2594 289 2653 est
311 2607 425 2652 nomen
448 2588 531 2652 filiae
548 2588 675 2667 Ruricii,
699 2605 793 2669 quam
816 2588 849 2651 iu
872 2587 1106 2651 matrimonium
1126 2587 1212 2651 duxit

86 2691 230 2774 Agricola,
255 2695 293 2757 nd
317 2712 411 2774 quem
435 2693 520 2756 misit
539 2692 683 2756 Ruricius
706 2692 870 2774 epistulam
893 2689 991 2755 1132.
1015 2692 1046 2755 in
1070 2710 1107 2755 ca
1130 2690 1211 2754 dena·

87 2815 152 2858 nan
166 2795 274 2879 filiam
293 2817 387 2859 auam
403 2795 564 2858 desiderio
584 2804 613 2857 et
629 2795 756 2870 honore,
772 2816 833 2880 quo
851 2794 983 2880 digitum
999 2805 1051 2873 est,
1074 2795 1212 2880 sospitat

87 2905 164 2980 pater
184 2901 271 2984 (416,
287 2900 343 2984 24)
371 2905 403 2965 et
429 2897 587 2962 ancillam
615 2900 813 2964 commendat
834 2899 1010 2984 Agricolae,
1038 2921 1118 2984 quae
1146 2897 1210 2960 lar-

86 3003 172 3084 gitate
200 3004 320 3068 diuina
348 3013 500 3089 utrosque
527 3025 585 3066 noe
608 3001 673 3066 sibi
690 3003 835 3089 parauit
858 3002 1021 3086 obnouios,
1050 3025 1107 3065 uos
1130 3025 1210 3066 auos

81 3106 197 3190 faciens
224 3131 288 3173 sua
309 3108 532 3194 fecunditate,
563 3130 620 3171 uos
644 3130 791 3194 proauos
819 3110 861 3193 (p.
883 3107 956 3188 416,
978 3107 1044 3192 23).
1089 3109 1210 3173 intelle-

87 3215 177 3294 genda
203 3219 251 3279 est
273 3215 457 3296 Papianilla,
480 3214 646 3298 Agricolae
676 3213 817 3297 nurus,¹)
848 3231 943 3295 quam
970 3231 1096 3277 uxorem
1125 3214 1211 3278 duxit

88 3315 270 3400 Parthenius,
298 3319 464 3402 Agricolae
488 3319 581 3398 lilius,
604 3318 721 3382 Ruricii
744 3336 849 3402 nepos.
879 3315 1077 3379 dulcissimis
1106 3322 1210 3382 autem

88 3422 241 3505 ceponius
273 3421 448 3485 Parthenio
484 3431 513 3484 el
544 3420 758 3507 Papianillae
790 3423 956 3505 epistulam
987 3422 1129 3486 Ruricius
1164 3423 1210 3486 in·

88 3527 199 3610 scripsit
221 3528 252 3592 II
276 3525 317 3590 37
342 3527 395 3610 (11.
413 3527 507 3591 eliam
530 3547 560 3610 p.
577 3525 651 3607 422,
669 3525 712 3610 3).
751 3527 897 3610 Agricola
919 3527 972 3590 ille
995 3527 1091 3590 irater
1114 3528 1210 3591 luisse

89 3629 196 3696 oilotm
216 3632 418 3716 Papianillae,
443 3631 544 3696 uxoris
568 3629 694 3712 Sidonii,
719 3635 812 3712 atque
836 3631 924 3695 Auiti
946 3635 1054 3715 postea
1077 3631 1210 3714 impera-

88 3735 151 3799 toris
179 3737 260 3802 filius
290 3734 624 3818 (111111111111
648 3735 733 3800 etII
759 3735 798 3797 12
826 3740 855 3800 11
883 3734 997 3800 Sidonii
1029 3741 1163 3799 stemma
1193 3755 1211 3800 a

90 3835 271 3906 Mommseno
288 3842 319 3906 in
335 3841 527 3924 praelatione
543 3841 582 3904 ad
594 3840 800 3905 Luctiohanni
811 3839 971 3906 Sidonium
987 3859 1016 3924 p.
1030 3841 1210 3904 XXXXVH

120 4031 136 4094 ¹)
152 4029 235 4084 Uerba
250 4031 320 4085 enim
339 4029 441 4084 Ruricii
457 4029 490 4084 ad
507 4030 659 4098 Agricolam
678 4047 702 4100 p.
716 4032 775 4094 416,
788 4032 819 4085 21
840 4037 877 4098 ul,
897 4049 949 4100 prce
968 4047 1025 4085 eam
1043 4032 1211 4100 srescipere

90 4117 294 4174 reuinctum
312 4120 417 4186 offena,
435 4134 538 4186 semper
555 4119 671 4186 [11111111
689 4117 801 4172 indulta
824 4116 855 4170 de
879 4133 947 4170 nuru
966 4119 1079 4182 tantum,
1102 4133 1154 4170 nou
1178 4117 1210 4171 de

91 4197 137 4252 filia
152 4201 218 4258 dicte
235 4221 290 4259 essa
308 4207 428 4274 possunt,
446 4207 477 4257 ut
495 4205 550 4274 ipse
563 4205 686 4258 Ruricius
699 4203 750 4257 alio
769 4203 826 4258 loco
845 4204 880 4272 (p.
894 4207 1009 4272 31116)
1029 4203 1060 4256 de
1073 4221 1120 4256 sua
1133 4221 1210 4270 nuru,

91 4285 137 4338 lilia
148 4289 259 4346 Namatii
277 4295 305 4346 et
317 4291 470 4359 Cerauniac,
490 4291 569 4345 dicit:
586 4293 696 4362 perdidi
714 4293 809 4360 filiam,
828 4308 908 4362 quam
927 4299 950 4345 el
969 4309 1009 4346 rae
1026 4293 1210 4362 suscepisse

91 4379 110 4424 (1
127 4393 169 4430 uos
184 4381 303 4448 amnicae
320 4379 485 4450 protelatur.
