2920 4930
514 395 611 450 Liber
629 397 642 450 I
661 399 737 452 2-3.
1159 397 1198 461 15

72 569 163 632 onnia
185 569 356 634 indicemus
380 570 515 654 adiungi.
548 589 621 636 nam
645 572 698 653 qui
722 575 816 654 negat
831 571 952 654 gratiae
976 571 1196 636 adsociandum

72 671 167 736 famuli
193 674 308 738 laboris
336 679 497 755 conatum,
528 675 686 740 subtrahit
712 675 832 740 homini
860 677 1019 740 seruitutis
1048 676 1194 740 officium.

73 777 160 841 neseio
189 777 243 842 nbi
274 781 329 842 aut
356 779 478 861 quando
506 779 545 843 ab
574 797 665 863 opere
696 779 813 860 feriari,
844 780 967 862 quando
994 780 1057 844 otio
1084 780 1197 844 debeat

71 879 237 964 derelinqui,
258 883 312 964 qui
328 883 422 948 etiam
446 883 477 947 in
501 885 645 966 paradiso
668 885 793 950 iubetur
815 884 945 968 operari,
969 885 1001 949 in
1022 903 1092 966 quo,
1116 886 1196 950 sicut

71 982 202 1068 legimns,
232 987 277 1051 ita
303 991 352 1052 est
379 989 582 1069 constitutus,
610 993 651 1054 ut
677 991 896 1073 operaretur
924 991 960 1053 et
987 989 1196 1054 custodiret
1234 1007 1247 1045 ⁵

71 1086 172 1154 illum

71 1316 176 1361 CONTRA
200 1321 267 1363 EUM
291 1321 422 1380 ΒΕΝΒῊΜ,
445 1322 498 1370 QUI
522 1321 675 1364 DIOENDOE
699 1321 779 1364 UNUS
803 1323 845 1364 AD
869 1323 999 1365 MORTEM
1021 1322 1195 1364 PRAEORDI·

70 1405 165 1468 barus,
188 1408 294 1449 ALTER
314 1409 357 1448 AD
378 1409 477 1450 Ul‘l'ffl
499 1409 779 1452 PRABDES‘PINATUS
802 1409 870 1470 EST,
893 1411 993 1453 REBUS
1017 1411 1093 1453 rasis
1114 1411 1194 1452 SPEM

446 1496 657 1538 ranunculum·
677 1497 804 1541 ORANDI.

105 1609 177 1676 Cum
200 1612 348 1678 dixerint:
372 1615 474 1678 totum
496 1614 616 1697 gratiae
640 1614 689 1678 dei
712 1619 769 1694 est,
793 1615 862 1697 quis
885 1633 946 1680 non
963 1615 1002 1680 ad
1025 1619 1090 1679 tam
1106 1635 1194 1680 reue·
1221 1635 1247 1674 ro

69 1715 184 1785 rendum
201 1734 317 1782 nomen
333 1718 417 1782 omni
432 1718 531 1782 cordis
554 1718 722 1782 inclinetur
738 1717 873 1782 affectu?
902 1720 1044 1782 sedeam
1066 1738 1194 1801 respon·

69 1817 204 1884 derimus:
229 1825 331 1885 toturn
353 1822 446 1904 plane
469 1822 588 1904 gratiae
611 1825 669 1902 est,
693 1822 747 1886 sed
770 1822 916 1887 omnibus
941 1840 1010 1886 earn
1034 1822 1125 1886 ollert
1147 1827 1194 1887 et-

69 1939 119 2002 que
138 1925 250 2008 ingerit
266 1925 305 1990 ad
328 1925 463 1990 salutem
484 1925 623 1990 omnium
645 1927 785 1990 conditor
801 1945 836 1990 ac
852 1927 1039 2010 redemptor,
1063 1927 1193 1990 adhaec

68 2027 106 2090 illi
125 2029 214 2114 longe
230 2047 250 2093 a
268 2029 394 2114 pietatis
417 2030 541 2094 tramite
564 2030 744 2095 recedentes
768 2031 953 2115 respondere
976 2035 1192 2114 praesument:

69 2148 120 2196 uon
141 2151 208 2198 eam
236 2134 375 2198 saluator
401 2133 546 2199 omnibus
570 2135 665 2214 dedit,
689 2135 763 2218 quia
785 2153 842 2199 nec
864 2153 919 2217 pro
942 2135 1087 2200 omnibus
1111 2153 1193 2198 mor·
1220 2153 1245 2194 re

69 2238 129 2300 tuns
153 2241 208 2302 est.
241 2257 312 2302 ecce
336 2239 445 2303 statim
469 2238 501 2302 in
524 2239 668 2303 secundis
696 2243 824 2322 apparet
850 2239 969 2324 gratiae
997 2240 1193 2323 inpugnator,

68 2340 156 2420 quiin
171 2343 279 2426 primis
295 2343 464 2426 putabatur
480 2347 624 2407 assertor.
654 2343 792 2408 obiciunt
807 2362 921 2408 nomen
935 2343 1064 2428 gratiae,
1087 2348 1123 2408 ut
1138 2343 1193 2408 ab·

67 2444 256 2511 ominandnm
274 2463 402 2511 sensum
418 2447 559 2530 operiant
578 2445 801 2530 blasphemiae.
834 2447 865 2512 in
882 2447 1066 2512 alterutram
1087 2447 1192 2529 itaque

67 2553 173 2628 perlem
196 2551 337 2616 subsidia
362 2552 510 2616 orationis
538 2552 714 2616 excludunt.
761 2553 834 2634 quid
861 2553 945 2616 enirn
972 2552 1056 2616 ultra
1078 2556 1191 2635 speret,

68 2670 148 2732 quem
169 2655 231 2720 iam
255 2655 357 2739 gratia
379 2674 471 2720 suum
487 2657 582 2720 lecit?
612 2657 644 2721 in
667 2675 728 2738 quo
745 2676 760 2720 e
777 2657 930 2721 contrario
953 2675 1014 2722 non
1038 2657 1190 2740 desperet,
1218 2679 1243 2718 eo

67 2775 149 2837 quem
179 2759 354 2843 praefinitio
383 2761 522 2826 uiolenta
551 2761 736 2825 damnauit?
786 2761 818 2824 in
848 2761 906 2826 hoc
937 2761 1041 2844 culpa,
1077 2762 1108 2826 in
1138 2762 1191 2826 illo

68 2863 156 2942 gratia
175 2865 280 2929 locum
302 2883 364 2930 non
387 2863 491 2929 habet.
526 2863 753 2947 periclitabitur
775 2865 808 2929 in
831 2869 961 2947 utroque
985 2866 1112 2930 iustitia.
1142 2885 1191 2930 re-

68 2967 269 3033 munerabitur
291 2968 359 3032 sine
381 2967 453 3032 fidei
469 2969 578 3034 merito
598 2969 793 3051 adsumptus,
817 2969 1016 3034 damnabitur
1039 2970 1105 3032 sine
1120 2988 1191 3052 pro-

68 3069 124 3148 prio
138 3073 265 3137 crimine
281 3072 459 3137 derelictus.
493 3073 579 3136 salus
594 3074 667 3137 illuc
687 3073 856 3156 ingerenda
872 3077 920 3136 est
942 3091 1003 3138 non
1020 3075 1190 3156 quaerenti,

69 3171 129 3238 hine
150 3177 319 3241 auferenda
341 3175 505 3242 laboranti.
1215 3198 1241 3236 re

104 3278 157 3344 Sed
182 3281 272 3346 dicis:
303 3281 370 3346 ideo
397 3299 484 3346 orare
512 3280 618 3363 debet,
646 3283 720 3365 qnia
746 3301 782 3346 ex
808 3301 870 3365 qua
895 3285 984 3365 parte
1012 3283 1053 3348 sit
1081 3284 1188 3348 nescit.

69 3383 126 3462 qub
150 3403 210 3450 non
241 3389 332 3469 putet
357 3384 581 3450 rationabiliter
612 3405 648 3450 ac
676 3387 833 3469 sapienter
862 3387 957 3451 fuisse
983 3389 1189 3469 responsum?

70 3487 115 3550 sed
134 3489 201 3571 quid
224 3508 312 3554 orare
340 3489 459 3556 homini
485 3491 622 3573 proderit
648 3493 767 3555 inune
793 3491 903 3555 harum
927 3491 1058 3554 duarum
1085 3491 1189 3556 condi·

70 3589 139 3654 tione
160 3593 345 3659 omnimodis
368 3594 557 3660 constituto?
589 3611 663 3658 nam
686 3595 745 3659 etsi
772 3595 928 3676 adquam
951 3599 1073 3678 partem
1097 3595 1190 3659 fuerit

157 3809 185 3878 5]
203 3809 269 3865 Gen.
289 3813 314 3874 2,
327 3813 351 3866 5.

105 3989 254 4048 liamulari
273 3995 317 4050 uel
336 3991 493 4050 lamrrlatio
545 3995 812 4064 rumoremque
824 3995 1049 4064 decapitationem
1061 3993 1190 4050 indiceP

73 4073 142 4132 aldan
161 4081 265 4136 acram
286 4082 354 4136 aoaa'
375 4081 492 4150 capituli
513 4082 657 4151 uestipium
676 4099 745 4151 prae
767 4099 795 4137 ee
817 4083 870 4150 [ert
940 4083 956 4136 8
978 4079 1139 4150 pdietinatus
1162 4081 1190 4134 P

74 4161 196 4232 lipianae
215 4168 242 4222 P
310 4183 368 4221 eam
389 4169 488 4238 scripsi
510 4169 569 4224 coll.
593 4169 641 4223 liu.
661 4173 703 4236 15,
726 4185 757 4222 ea
775 4169 802 4223 P
853 4167 938 4236 adque
961 4169 989 4222 P
1059 4169 1089 4222 ll
1112 4183 1187 4235 prae-

72 4255 194 4308 sumente
248 4257 279 4310 19
297 4253 425 4308 orationis
443 4271 477 4310 aa
494 4253 658 4308 orationibus
676 4257 703 4310 P
758 4257 792 4310 20
811 4254 926 4324 disparet
943 4255 971 4309 P
1026 4255 1059 4308 22
1078 4253 1186 4322 perecli-

73 4333 193 4394 tabiturP
248 4343 281 4396 24
300 4339 373 4396 illio
431 4343 464 4398 25
481 4341 543 4394 hinc
562 4343 667 4412 scripsi,
684 4341 746 4396 huie
765 4343 791 4395 P
848 4345 881 4398 29
898 4339 1066 4395 omnimodus
1085 4341 1125 4396 P¹
