2954 4930
409 919 679 1024 RURIOH
719 917 1216 1024 EPISTULARUM

596 1133 739 1218 uranu
770 1133 1024 1218 susurrus.

803 1537 829 1601 I.

245 1699 362 1741 DOMNIS
392 1697 575 1740 susnmmus
605 1699 645 1738 ΒΤ
673 1698 706 1739 IN
733 1697 865 1756 cumano
887 1697 1007 1740 nonno
1033 1697 1279 1741 nnumcnrssnrrs
1298 1693 1361 1736 rul-

207 1783 220 1823 5
460 1785 571 1826 TRIBUS
593 1784 734 1828 namuro
757 1786 798 1826 ΕΤ
821 1783 999 1827 euanuman
1022 1785 1176 1828 RURIGIUS.

288 1903 419 2003 Antiqui
448 1921 604 2004 sapientes
634 1921 751 1985 amieos
782 1920 858 1986 dnos
888 1938 986 1986 nnarn
1019 1921 1158 1986 animam
1191 1919 1300 1984 habere
1326 1915 1364 1978 di-

245 2029 367 2106 xerunt,
397 2025 479 2107 qued
509 2026 600 2090 ualde
628 2044 737 2089 ueruun
761 2043 829 2090 esse
853 2043 910 2109 ego
932 2025 1074 2108 praedico
1096 2025 1261 2108 probeque.
1303 2039 1364 2086 nuru

245 2133 412 2214 postquem
428 2133 568 2194 suestra
587 2130 795 2213 germanitate
818 2129 956 2210 discessi,
980 2130 1115 2194 diuisum
1132 2149 1201 2194 esse
1216 2149 1265 2194 me
1280 2124 1364 2192 sentis

245 2237 429 2317 partemque
460 2251 563 2298 meam
586 2232 749 2298 nobiseum
771 2233 923 2298 resedisse
947 2251 1098 2318 eognosee
1121 2252 1178 2298 nee
1201 2231 1365 2298 absentibus

195 2366 220 2405 ιο
246 2337 337 2403 nubis
368 2339 489 2421 integer
519 2356 588 2402 esse
618 2338 695 2402 mihi
724 2337 840 2402 uideor.
887 2341 919 2402 et
948 2357 1020 2402 eurn
1048 2357 1098 2402 me
1121 2338 1154 2402 in
1177 2357 1228 2402 me
1251 2355 1309 2402 nun
1328 2335 1366 2398 in-

246 2443 383 2522 ueniam,
413 2442 496 2525 apud
518 2461 574 2507 uns
598 2461 648 2507 rue
680 2441 719 2506 ad
749 2459 805 2507 uns
828 2461 972 2507 reuersus
995 2443 1117 2524 inquiro
1141 2446 1234 2525 atque
1256 2441 1367 2516 ibideuu,

248 2550 400 2628 quantum
423 2547 485 2610 mei
507 2545 596 2611 uubis
619 2547 790 2628 reliquisse,
813 2549 938 2612 tantum
960 2547 1058 2612 uestri
1077 2565 1202 2612 meeum
1217 2545 1367 2612 abstulisse

248 2650 412 2734 eonspieie.
460 2653 492 2715 et
518 2651 571 2731 ita,
602 2651 783 2734 prinsquam
811 2651 865 2716 liat
888 2655 1044 2716 annuente
1070 2651 1196 2716 domino
1219 2651 1367 2735 pignerum

248 2759 425 2820 nestrorum
455 2755 561 2819 uotiua
591 2755 779 2836 euniunetio,
809 2755 985 2820 animorum
1015 2755 1097 2819 inter
1126 2773 1183 2820 nes
1214 2755 1294 2820 faeta
1317 2752 1369 2815 iarn

198 2886 222 2928 ru
249 2859 370 2940 diuisis,
394 2875 472 2941 qnae
495 2858 606 2923 diuisis
630 2859 847 2942 ampleetenda
869 2860 969 2942 magis
993 2861 1041 2923 est
1056 2858 1266 2943 diligentibus,
1288 2871 1369 2940 qnanu

247 2964 386 3044 menda,
408 2981 463 3046 per
486 2981 581 3046 quam
603 2962 639 3028 fit
661 2963 694 3028 in
717 2962 860 3028 serdibus
884 2980 991 3028 eurum
1011 2963 1149 3028 caritatis
1165 2963 1302 3048 integrae
1316 2959 1371 3024 sin·
1448 2959 1449 2966 ’

249 3087 319 3133 uera
341 3067 520 3148 transfusio,
544 3067 632 3132 euius
656 3084 712 3152 ego
735 3067 868 3133 uinculis
891 3068 1083 3152 eonligatnm
1099 3085 1118 3132 a
1132 3067 1223 3132 uobis
1246 3085 1310 3132 esse
1328 3081 1370 3127 nue

248 3173 368 3256 gaudeo
391 3175 423 3236 et
445 3170 561 3236 talibus
584 3171 702 3236 eatenis
721 3171 846 3236 uinctus
862 3173 966 3237 exulte
982 3171 1196 3256 obstringique
1213 3191 1261 3236 me
1276 3185 1372 3234 earum

248 3277 379 3341 neribus
407 3276 508 3360 magis
531 3277 630 3359 cupio,
659 3293 754 3358 quam
776 3277 901 3357 resolui,
931 3275 1044 3358 quibus
1067 3279 1100 3340 et
1121 3294 1179 3340 uus
1202 3275 1371 3341 eonstrieles

196 3409 223 3448 so
251 3400 319 3445 esse
342 3380 471 3446 conlido.
509 3379 710 3444 redeuntibus
733 3381 837 3463 itaque
860 3379 950 3445 uobis
974 3381 1059 3445 salue
1082 3381 1294 3464 largissimum
1315 3377 1372 3441 dieu
1448 3389 1449 3466 l

250 3489 281 3550 et
311 3505 347 3548 ex
374 3484 518 3548 omnibns
541 3484 658 3568 gratias
682 3501 778 3569 agens
802 3485 992 3567 derelinque,
1023 3502 1103 3567 quae
1126 3485 1165 3549 ad
1187 3483 1372 3569 praeenniun
1448 3497 1449 3526 ¹

249 3592 390 3653 uestrum
413 3588 578 3672 pertinent.
624 3588 737 3652 ideireo
761 3607 811 3652 me
835 3588 960 3653 siluisse
984 3587 1135 3672 significo,
1166 3589 1239 3672 quia
1260 3589 1291 3653 in
1312 3602 1374 3670 pru-
1448 3623 1449 3652 1

292 3785 564 3844 tsublimisomisse
583 3791 611 3841 at
630 3785 908 3854 &sublimissimus
959 3788 1157 3844 suamaeios
1211 3785 1374 3856 suuuqn-
1448 3781 1449 3840 l

249 3875 383 3946 eonspieiu
401 3876 440 3945 et]
459 3877 494 3944 cf.
507 3875 601 3930 Rure.
616 3877 654 3930 H
667 3879 702 3930 10
754 3879 837 3944 'lagu
855 3893 935 3932 omn
987 3875 1181 3932 amisisses
1232 3873 1375 3930 adsensibus
1448 3859 1449 3928 i

250 3989 288 4046 8¹
306 4005 374 4045 corr.
430 3991 462 4044 10
479 3988 616 4057 integrum
632 3989 712 4058 basra
730 3989 810 4043 1110
862 3987 929 4042 nuihi
946 4005 970 4056 u,
989 4004 1031 4042 me
1051 3989 1133 4045 sur.
1189 3991 1219 4045 11
1235 3955 1378 4043 reuersusS
1448 4011 1449 4034 u

251 4077 284 4130 12
302 4076 355 4129 mei
373 4074 449 4130 uubis
467 4077 573 4145 ser-ipsi,
590 4091 633 4128 nue
650 4074 725 4129 iubes
744 4075 774 4143 S,
793 4091 835 4130 me
853 4074 929 4129 nobis
948 4076 999 4130 Kr.
1013 4093 1045 4130 an
1062 4077 1233 4145 epistilio
1284 4071 1376 4128 abstui-
1448 4109 1449 4124 t

249 4161 354 4219 lisseS
417 4165 449 4218 13
468 4163 640 4230 conspitiod
701 4165 738 4218 15·
752 4162 848 4216 diuisis
866 4180 883 4217 v
899 4165 931 4218 br
947 4163 1028 4230 autb,
1047 4161 1183 4220 diuinos
1244 4165 1275 4219 18
1293 4175 1378 4215 eurnru

250 4249 329 4304 sur.
401 4253 433 4306 19
455 4249 662 4306 eonstrietusS
730 4251 764 4304 20
786 4248 862 4303 uubis
883 4251 991 4320 afflpat,
1013 4249 1157 4306 nestrisS
1224 4251 1258 4305 22
1275 4245 1378 4310 u‘f‘ms,
1448 4253 1449 4332 l

250 4337 406 4391 nosturrnur
1448 4335 1449 4352 ¹
