2920 4930
269 425 312 490 20
735 424 756 478 l.
775 425 819 478 lle
838 425 948 493 gratia

269 604 393 685 quium:
432 621 503 667 non
536 621 601 687 ego
636 606 769 666 eutem.
819 603 891 684 quia
928 603 1119 665 mentionem
1157 602 1252 666 solius
1290 601 1392 666 laboris

267 708 425 788 intulerat,
459 708 518 772 cito
549 706 637 788 quasi
667 707 706 770 ad
737 705 916 788 amplerum
946 705 1055 770 matris
1086 705 1206 789 gratiae
1239 704 1393 770 recucurrit

181 853 189 868 ·
268 812 388 875 dicens:
417 812 480 876 sed
507 811 630 895 gratia
657 810 715 874 dei
742 828 893 874 meeum.
932 810 1068 893 gratia,
1096 811 1206 891 inquit,
1236 810 1292 874 dei
1316 827 1390 874 sum.

267 917 384 1000 primas
407 921 511 999 partes
536 917 593 980 soli
615 916 734 999 gratiae
756 916 806 998 pie
823 914 981 980 subiectus
998 915 1170 998 adscripsit,
1195 915 1297 978 media
1312 931 1392 996 quae-

216 1042 228 1078 1
268 1041 327 1103 que
350 1021 449 1085 labori
473 1021 623 1104 magister
646 1019 859 1084 oboedientiae
883 1019 1053 1100 deputarit,
1085 1023 1251 1101 utrumque
1278 1019 1308 1083 11
1331 1037 1392 1082 con-

267 1126 474 1189 summatione
508 1125 686 1190 moderatus
724 1125 859 1206 gratiam
893 1123 1092 1204 laboremque
1127 1123 1294 1188 coniunxit.
1339 1139 1391 1185 non

266 1229 355 1292 dixit:
380 1247 436 1312 ego
460 1229 526 1292 sine
542 1229 643 1312 gretia
658 1229 708 1292 uel
731 1227 832 1311 gratia
855 1228 921 1291 sine
944 1247 1005 1307 me,
1029 1228 1082 1290 sed
1105 1229 1230 1311 gratia
1252 1229 1310 1292 dei
1332 1245 1391 1291 me·

265 1351 354 1396 cum.
397 1351 476 1415 quae
503 1333 589 1417 prius
618 1332 801 1416 siug'llatim
825 1332 973 1396 distincta
999 1331 1179 1415 protulerat,
1207 1331 1391 1414 quambene

265 1438 296 1500 in
321 1438 473 1501 sermonis
504 1437 565 1501 line
594 1437 744 1501 conexuit.
790 1455 825 1501 ae
853 1437 897 1500 sic
925 1437 1006 1520 apud
1036 1440 1248 1520 regeneratos,
1280 1434 1392 1518 quando

215 1541 365 1625 ingratia
392 1541 459 1605 sine
487 1541 592 1606 labore
616 1541 667 1604 uel
694 1539 782 1604 labor
809 1541 875 1604 sine
902 1541 1003 1624 gratia
1030 1540 1062 1603 in
1086 1540 1245 1623 scripturis
1268 1540 1391 1622 ponitur,

264 1645 480 1728 supprimitur,
515 1663 576 1710 non
609 1648 779 1728 separatur.
825 1663 897 1708 cum
928 1663 1026 1708 unum
1057 1643 1123 1708 sine
1154 1644 1251 1708 altero
1282 1643 1391 1720 dieitur,

263 1752 385 1813 tacetur
407 1750 551 1829 alterum,
580 1766 640 1812 non
667 1753 799 1832 negatur
822 1748 992 1812 secundum
1016 1748 1102 1812 illam
1126 1748 1277 1831 regulam,
1307 1763 1391 1829 qnam

263 1853 393 1916 antistes
423 1851 622 1936 Augustinus
653 1853 808 1917 insinuat:
847 1870 918 1917 non
952 1852 1075 1917 omnia
1104 1871 1196 1934 quae
1223 1855 1392 1937 ,tacentur

262 1961 457 2041 negantur

212 2082 235 2122 1
306 2061 366 2127 Sed
390 2066 421 2125 et
437 2062 497 2125 alio
520 2061 587 2126 loco
611 2061 687 2125 dicit
707 2061 880 2144 apostolus:
905 2061 1044 2144 castigo
1067 2078 1199 2144 corpus
1223 2079 1339 2124 meum
1361 2061 1392 2120 et

261 2167 301 2230 in
325 2166 549 2230 seruitutem
572 2166 717 2248 redigo,
741 2185 784 2228 ne
809 2165 920 2245 torte,
949 2183 1029 2228 cum
1052 2165 1137 2229 eliis
1164 2165 1393 2247 praedicane-

260 2270 343 2350 rim,
378 2271 456 2351 ipse
490 2269 670 2352 reprobus
705 2269 862 2333 efficiar.
910 2287 981 2332 ecce
1011 2269 1122 2334 beatus
1151 2269 1308 2351 apostolus
1335 2269 1391 2330 iam

261 2373 384 2438 Christo
407 2373 591 2455 adquisitus,
619 2374 682 2437 iam
705 2392 762 2436 uas
786 2373 946 2436 electionis
971 2373 1099 2437 effectus
1123 2391 1317 2454 nequaquam
1338 2369 1391 2434 sub

259 2479 384 2542 nomine
400 2478 689 2561 praedestinationis
706 2481 738 2541 et
752 2478 872 2561 gratiae
888 2477 950 2541 otio
974 2495 1087 2542 manus
1105 2477 1234 2558 relaxet,
1258 2477 1310 2541 sed
1325 2493 1392 2538 oum

209 2602 233 2639 ro
260 2583 308 2644 dei
337 2581 493 2646 beneficiis
526 2585 655 2646 conatus
683 2599 755 2646 suos
784 2582 886 2665 iungit
917 2584 948 2645 et
976 2581 1063 2645 dicit:
1095 2582 1240 2666 castigo
1268 2597 1392 2662 corpus

260 2705 379 2768 meum
402 2687 496 2750 etin
521 2687 746 2750 seruitutem
772 2685 910 2769 redigo.
957 2704 1028 2750 ecce
1050 2685 1115 2750 iam
1137 2687 1234 2769 partis
1257 2686 1391 2748 dertmao

259 2791 349 2854 miles
374 2795 435 2870 est,
464 2795 495 2854 et
523 2791 603 2870 uide,
632 2791 785 2872 quomodo
812 2790 982 2873 periclitari
1009 2790 1122 2854 metuit
1149 2791 1213 2854 iam
1240 2789 1391 2873 probatur,

259 2895 412 2977 quomodo
436 2894 594 2976 reprobari
617 2894 809 2977 pertimescit
833 2895 960 2958 electus.
1005 2894 1068 2957 iam
1092 2893 1256 2958 uictoriam
1278 2895 1309 2957 in
1330 2909 1392 2954 me·

259 2999 350 3062 nibus
379 2998 476 3062 habet
504 3003 536 3062 et
564 2999 697 3062 necdum
725 3015 813 3062 arma
836 2998 972 3080 deponit,
1000 2997 1063 3062 iam
1090 2997 1258 3080 perductus
1285 3001 1331 3060 est
1354 2993 1390 3056 ed

207 3121 232 3158 eo
260 3103 454 3184 triumphurn
478 3107 508 3167 et
532 3103 632 3166 adhuc
655 3103 784 3166 militiae
806 3102 1000 3185 pertimescit
1027 3105 1187 3166 euentum.
1226 3116 1390 3184 quaecum

257 3207 301 3270 ita
328 3207 404 3286 sint,
432 3207 572 3290 perspice
601 3210 631 3270 te
659 3225 722 3271 non
751 3209 860 3270 eontra
885 3205 1041 3270 infirmam
1070 3223 1299 3288 quamcumque
1327 3221 1391 3286 per-

258 3329 383 3390 sonam,
422 3313 476 3375 sed
508 3315 616 3375 eontra
651 3311 766 3374 summi
801 3309 932 3393 apostoli
967 3309 1140 3374 doctrinam
1176 3310 1270 3374 armis
1308 3305 1390 3388 impii

258 3415 368 3478 erroris
384 3415 545 3498 insurgere
561 3419 593 3479 et
609 3413 742 3494 Christo,
759 3414 811 3496 qui
827 3413 910 3477 intra
926 3431 997 3478 eum
1013 3414 1159 3495 loquitur,
1176 3413 1387 3478 contradicere.

257 3519 394 3600 dumque
416 3519 531 3583 laboris
555 3520 718 3583 seruitium
742 3521 773 3582 et
795 3518 902 3582 orandi
926 3536 1036 3582 causas
1060 3518 1183 3598 adimis
1206 3519 1390 3582 111111111-

204 3643 229 3680 co
258 3623 334 3686 lutis
358 3623 495 3689 humano
523 3624 630 3707 generi
653 3622 859 3687 intercludere
890 3626 921 3685 te
952 3640 1085 3706 agnosce
1110 3625 1151 3703 et,
1175 3622 1250 3686 dum
1277 3617 1387 3700 Pelagii

364 3829 407 3898 15]
429 3832 440 3884 1
461 3829 519 3884 cor.
539 3833 564 3894 a,
577 3831 619 3885 aa.

299 3995 446 4050 2recurrit
465 4013 480 4050 1
534 3991 661 4061 31111111
682 3995 708 4048 P
759 3993 852 4062 lpiae
870 3993 898 4048 P
948 3996 1142 4061 5utrumquae
1161 3993 1188 4047 P
1239 3987 1390 4061 dgrstioP

255 4107 440 4176 laboremquae
457 4109 485 4161 P
553 4106 736 4174 8singilatim
755 4107 782 4160 P
840 4073 969 4161 11113111
984 4107 1024 4160 1³¹
1077 4103 1342 4175 altaroccapsaalto
1356 4099 1388 4160 P,

255 4195 335 4250 alico
372 4197 403 4249 13
423 4194 556 4247 antistites
575 4195 603 4248 P
656 4193 794 4261 agustinus
813 4195 840 4247 P
887 4197 918 4249 19
936 4191 1206 4264 predistinationisP
1257 4191 1300 4244 sed
1318 4184 1385 4252 curu]

254 4281 399 4334 secundum
419 4283 446 4335 P
521 4285 555 4337 20
578 4283 693 4334 conatus
716 4296 763 4332 uos
787 4282 813 4334 P
888 4283 919 4336 21
949 4280 1055 4333 dextrae
1073 4299 1089 4334 o
1164 4281 1198 4335 29
1221 4273 1389 4346 dumquecP

254 4368 354 4421 adimes
374 4370 402 4422 P
