2954 4930
549 415 614 470 IIII.
634 415 743 470 Sermo
761 418 803 471 30.
1180 417 1244 482 343

102 609 149 654 eo.
184 591 267 672 quod
283 593 388 654 autern
403 589 486 654 idem
501 589 610 654 Esaias
631 589 720 654 dicit:
745 594 780 655 et
802 591 928 654 audiui
952 609 1080 655 uocem
1103 591 1243 656 domini

102 694 280 758 dicentis:
311 694 403 758 uada
436 697 471 758 et
497 693 555 758 die
577 695 712 778 populo
734 694 834 759 huic:
866 695 999 760 auditu
1022 696 1185 760 audietis
1209 701 1245 762 et

101 816 174 862 nou
195 797 431 882 intellegetis
452 801 488 862 et
508 797 680 862 uidentes
697 796 879 862 uidebitis
896 803 932 864 et
954 817 1024 863 non
1047 799 1243 881 uidebitis,

101 903 187 966 hunc
209 901 370 966 dominum
389 902 548 985 apostolus
564 901 693 984 Paulus,
716 907 753 968 ut
768 903 910 984 diximus,
934 903 1079 986 spiritum
1100 908 1243 969 sanctum

102 1025 173 1070 esse
189 1005 362 1070 confirmat.
394 1006 481 1070 uides
502 1023 585 1090 ergo,
609 1007 691 1088 quod
707 1011 845 1087 sanetus,
861 1011 999 1088 sanctus,
1016 1011 1152 1088 sanctus,
1167 1008 1244 1072 haec
1282 1034 1296 1073 s

101 1129 163 1175 uox
187 1113 286 1175 totam
308 1109 505 1175 concelebrat
527 1111 709 1191 trinitatem,
733 1115 766 1175 et
788 1111 870 1175 sicut
891 1111 924 1175 in
946 1111 995 1176 his
1019 1109 1120 1176 tribus
1141 1111 1243 1176 uerbis

102 1215 192 1280 nulla
213 1214 441 1296 dissimilitudo,
466 1215 554 1279 nulla
576 1219 625 1279 est
647 1215 830 1296 differentia,
854 1216 898 1280 ita
917 1216 949 1280 in
964 1215 1113 1281 trinitatis
1128 1217 1244 1281 uirtute

101 1319 193 1384 nulia
215 1321 317 1402 potest
339 1337 408 1383 esse
430 1319 588 1384 distantia.

146 1421 208 1488 Sed
237 1423 327 1487 dicis:
363 1441 399 1490 eu
433 1422 492 1487 hoc
522 1422 624 1488 minor
659 1442 728 1488 esse
762 1427 888 1488 sauctus
923 1424 1051 1507 spiritus
1086 1423 1244 1489 euidenter

101 1527 299 1611 agnoscitur,
333 1527 414 1610 quod
447 1527 495 1592 dei
529 1527 644 1612 digitus
674 1531 880 1612 nuncupatur.
920 1518 982 1593 non
1012 1529 1056 1592 ita
1086 1531 1144 1592 est.
1190 1529 1244 1592 sed
1273 1555 1296 1593 ιο

101 1631 229 1714 quando
260 1631 348 1696 audis
379 1631 417 1694 de
440 1631 550 1714 spiritu
573 1635 681 1696 sancto
705 1632 778 1696 dici:
811 1634 841 1696 si
872 1651 938 1716 ego
968 1633 1003 1696 in
1037 1632 1156 1716 digito
1186 1633 1244 1697 dei

101 1737 195 1801 eicio
219 1736 434 1816 daemones,
462 1755 524 1802 non
547 1737 664 1820 gloriae
688 1735 936 1817 diminutionem,
967 1737 1021 1800 sed
1048 1734 1244 1802 substantiae

101 1841 311 1906 demonstrari
333 1840 456 1906 noueris
479 1841 643 1920 unitatem,
674 1858 732 1904 nee
754 1841 880 1906 honoris
908 1840 1158 1923 discrepantiam,
1189 1842 1244 1906 sed

101 1945 206 2029 operis
241 1963 309 2008 esse
342 1943 547 2010 concordiam.
594 1944 669 2026 quid
703 1947 797 2029 ergo?
843 1945 916 2026 quia
949 1944 1076 2027 spiritus
1115 1948 1242 2010 sauctus

99 2050 217 2133 digitus
247 2048 406 2114 interdum
434 2047 510 2133 <dei>
540 2049 663 2130 dicitur,
692 2048 761 2113 ideo
792 2049 892 2114 minor
922 2047 986 2112 filio
1010 2052 1042 2113 et
1063 2052 1152 2132 patre
1175 2068 1242 2113 ere·
1269 2073 1295 2114 rs

99 2155 206 2219 ditur?
251 2153 359 2237 refuge
382 2152 475 2218 huius
497 2153 708 2236 persuasionis
732 2170 878 2234 errorem,
907 2152 990 2234 uide,
1013 2171 1052 2217 ne
1076 2153 1241 2235 aliquoties

98 2260 131 2324 in
160 2259 222 2322 hac
251 2258 464 2341 designatione
494 2257 584 2340 digiti
611 2260 643 2321 et
669 2260 792 2341 patrem
822 2256 1055 2340 conprehendat
1078 2260 1108 2322 et
1130 2257 1240 2322 filium.

99 2361 340 2428 meminerimus
371 2379 433 2428 non
464 2361 502 2426 de
532 2380 594 2426 uno
624 2361 721 2446 digito
745 2362 864 2426 dictum
887 2380 966 2442 esse,
997 2379 1069 2426 cum
1092 2362 1240 2446 legimus:

99 2467 276 2550 quoniam
306 2465 439 2532 uidebo
469 2466 592 2530 caelos
617 2469 699 2530 tuos
723 2483 835 2549 opera
857 2466 1060 2550 digitorum
1083 2469 1240 2532 tuorum.

99 2572 155 2636 sed
188 2571 264 2636 dicis
295 2571 327 2636 in
359 2569 465 2654 digitis
488 2571 526 2635 de
549 2571 612 2636 filio
634 2570 694 2635 hoc
717 2573 841 2634 tantum
865 2573 896 2634 et
918 2571 1028 2653 spiritu
1051 2573 1159 2634 sancto
1183 2570 1240 2634 sub
1268 2594 1295 2636 πο

98 2675 239 2759 quadam
261 2675 411 2740 dualitate
434 2675 562 2759 signari.
601 2693 640 2738 ne
662 2674 721 2739 hoc
743 2673 781 2738 de
803 2673 923 2738 duabus
939 2674 1081 2757 personis
1101 2675 1243 2738 adserere

98 2779 233 2861 coneris
264 2779 325 2844 aiio
354 2779 421 2844 loco
445 2779 540 2844 trium
563 2781 687 2844 tautum
710 2777 819 2842 Esaias
843 2777 1010 2862 digitorum
1041 2795 1171 2842 numero
1197 2779 1243 2842 lo-

98 2885 207 2968 quitur
230 2884 401 2948 trinitatem
425 2883 545 2948 dicens:
570 2883 654 2965 quis
678 2881 856 2965 appendit
879 2880 1000 2946 tribus
1021 2881 1151 2964 digitis
1172 2899 1243 2946 mo·

98 2992 174 3056 lem
191 2991 336 3054 terrae?
359 2988 433 3070 quid
449 2987 625 3052 euidentius
647 2987 684 3051 de
704 2985 854 3051 trinitatis
870 2985 1001 3066 unitate,
1017 2985 1093 3067 quid
1108 2985 1242 3050 clarius?

98 3113 205 3160 noune
227 3094 279 3158 hic
304 3093 336 3158 in
363 3093 462 3158 tribus
493 3092 598 3176 digitis
628 3091 784 3176 potentiae
813 3090 906 3155 unius
936 3090 1161 3172 aequalitatem
1184 3089 1243 3154 sub
1269 3113 1295 3154 aa

98 3199 238 3282 quadam
268 3197 409 3280 mysterii
439 3197 528 3262 lance
558 3196 706 3262 librauit?
752 3211 835 3280 ergo,
866 3197 901 3259 ut
931 3194 1048 3258 dictum
1079 3198 1136 3274 est,
1172 3211 1244 3258 cum

98 3306 164 3369 iam
195 3303 365 3368 instructus
396 3302 440 3366 sis
463 3302 501 3366 de
524 3301 673 3366 societate
696 3301 808 3384 operis,
838 3316 900 3364 non
932 3298 1055 3363 dubites
1079 3299 1116 3362 de
1139 3299 1244 3381 parili-

98 3413 165 3474 tate
189 3408 325 3472 uirtutis
357 3406 486 3470 dicendo
510 3423 597 3490 ergo:
622 3405 691 3487 quis
714 3401 862 3487 appendit
885 3403 984 3468 tribus
1005 3403 1112 3487 digitis
1128 3403 1244 3467 molem

99 3519 214 3593 terrae,
237 3511 288 3576 iric
311 3511 488 3595 specialiter
510 3510 596 3592 loqui
617 3509 718 3574 uoluit
741 3509 778 3572 de
794 3508 1007 3591 cooperatione
1030 3507 1187 3590 potentiae
1211 3509 1243 3570 et

98 3619 139 3682 de
162 3618 284 3682 unitate
307 3615 513 3695 substantiae,
545 3632 624 3697 quae
648 3631 711 3678 una
734 3612 905 3693 eademque
928 3631 996 3676 esse
1019 3613 1051 3682 iu
1074 3610 1174 3676 tribus
1197 3610 1243 3674 di·
1270 3635 1296 3674 eo
1383 3613 1386 3620 '

99 3723 175 3807 gitis
199 3719 398 3803 adprobatur.

209 3875 253 3944 11]
272 3873 335 3928 Luc.
351 3876 391 3938 11,
404 3876 446 3929 20.
502 3871 546 3942 19]
565 3871 663 3926 Psalm.
678 3875 702 3936 8,
716 3873 739 3927 5.
793 3869 839 3939 23]
858 3869 983 3936 usello
998 3873 1037 3926 12.

143 4017 161 4070 2
179 4011 471 4080 auditu-intellegetis
489 4014 516 4064 et
533 4027 583 4066 om.
598 4011 695 4065 Fuerat.
709 4009 741 4064 de
758 4009 825 4079 spir.
838 4027 859 4064 a.
913 4011 929 4063 5
948 4007 1010 4076 quia
1022 4008 1049 4063 R
1101 4005 1242 4074 dspiritus

99 4105 210 4156 sauctus
231 4101 259 4155 R
331 4103 362 4156 10
386 4099 449 4168 quia
470 4099 498 4156 R
561 4101 590 4154 11
616 4097 669 4152 dici
691 4115 741 4153 ooo.
761 4097 788 4152 R
840 4095 880 4164 in]
904 4095 998 4163 spiritu
1018 4095 1060 4148 dei
1077 4093 1121 4146 uel
1139 4093 1202 4148 add.
1216 4093 1243 4148 R

100 4193 134 4246 15
147 4188 192 4244 dei
204 4189 295 4244 om.R
343 4185 585 4254 1oa1iqu0tiens1t
633 4187 664 4240 17
678 4183 807 4239 etooau
853 4181 1090 4251 conprehendasll
1135 4183 1169 4236 20
1181 4177 1240 4249 sed]

98 4293 161 4332 cum
179 4275 246 4331 cdd.
264 4275 292 4330 R
344 4273 382 4342 et]
402 4271 562 4328 deusdedit
612 4274 645 4326 21
665 4286 712 4324 uec
729 4271 757 4326 R
810 4285 924 4324 asserere
941 4269 968 4324 R
1024 4270 1058 4324 22
1076 4268 1159 4322 trium
1176 4271 1235 4320 tan·

99 4363 173 4432 tum]
193 4365 279 4416 totam
296 4361 324 4417 R
379 4361 413 4416 29
432 4357 588 4428 simpliciter
606 4359 634 4413 R
686 4359 720 4413 30
739 4355 771 4411 de
789 4357 880 4414 oola
