2924 4924
522 409 587 466 ΗΠ.
607 411 716 466 Sermo
735 413 758 468 2.
1147 412 1210 477 229

86 604 137 649 uon
160 587 219 652 tria
240 605 346 672 regna.
378 605 474 670 quare
490 606 586 652 unum
604 587 718 652 deum?
747 589 820 670 quia
841 607 904 654 una
920 589 1057 672 operatio
1073 589 1211 670 uirtutis,

86 689 183 756 eadam
205 691 369 756 concordia
395 691 577 772 uoluntatis
605 709 668 756 una
691 691 849 773 diuinitas,
878 711 940 758 una
967 694 1211 776 sempiternitas,

85 811 140 858 una
162 796 318 860 maiestas.
364 814 459 878 quare
482 799 587 860 autem
610 801 673 860 tres
696 799 867 878 personas?
913 797 986 879 quia
1012 798 1090 862 alter
1112 801 1211 881 pater,

85 899 153 962 alter
167 899 258 980 tilius,
283 902 362 966 alter
382 901 671 983 spiritussanctus,
695 901 806 967 sedin
830 901 1003 967 diuinitatis
1027 903 1212 985 aequalitate

85 1008 198 1069 nonest
216 1005 310 1070 aliud.
345 1023 407 1069 una
430 1005 513 1070 enim
535 1006 568 1070 in
590 1005 690 1070 tribus
713 1006 822 1090 gloria,
846 1025 909 1070 una
932 1006 1117 1088 substantia,
1141 1007 1210 1071 uni·
1235 1030 1249 1070 a

85 1111 233 1190 latamque
255 1109 332 1174 iacit
355 1111 527 1193 aequalitas
551 1110 714 1190 uirtutum,
742 1110 920 1182 trinitatem
937 1111 1012 1176 facit
1038 1112 1209 1195 proprietas

86 1211 235 1278 nominum
259 1216 291 1278 et
318 1232 467 1278 uumems
490 1231 704 1297 personarum.
739 1213 820 1278 unde
850 1213 982 1280 fideliter
1008 1215 1210 1296 retineamus,

85 1316 149 1396 quia
180 1318 324 1382 dominus
359 1323 466 1384 noster
503 1319 592 1384 Iesus
628 1317 771 1384 Christus
806 1319 893 1384 uenit
929 1319 962 1384 in
999 1320 1057 1384 hoo
1095 1320 1210 1384 mundo

84 1426 247 1500 peccatores
279 1423 382 1488 saluos
411 1425 522 1504 iacere,
546 1425 628 1488 sicut
650 1424 688 1487 de
717 1424 774 1488 deo
797 1427 881 1488 totus
904 1424 992 1504 deus,
1021 1424 1066 1488 ita
1093 1424 1130 1488 de
1157 1425 1213 1488 ho-

85 1525 157 1588 mine
179 1530 262 1591 totus
286 1527 379 1592 homo
409 1528 528 1610 absque
551 1527 736 1610 contagione
766 1527 901 1610 peccati,
931 1527 1102 1593 secuudum
1133 1528 1212 1593 diui·
1240 1549 1266 1592 ro

84 1629 204 1694 nitatem
237 1631 377 1714 aequalis
405 1632 496 1714 patri,
528 1632 700 1696 secundum
722 1631 953 1696 humanitatem
983 1633 1085 1698 minor
1115 1632 1211 1696 etiam

84 1735 191 1817 angelis
215 1739 246 1800 at
269 1735 371 1800 iunior
393 1737 496 1816 matri,
521 1753 614 1818 quam
637 1735 763 1799 creauit.

119 1837 201 1902 Haeo
231 1843 305 1904 sunt
338 1839 421 1904 uitae
452 1857 488 1904 ac
522 1840 588 1923 spei
617 1843 741 1904 nostrae
771 1839 961 1904 solidissima
994 1839 1210 1904 fundamenta.

83 1945 179 2023 restat,
207 1947 243 2008 ut
266 1945 457 2027 superhaec
490 1944 642 2009 bonomm
671 1943 760 2009 uobis
791 1961 920 2026 operum
948 1947 1105 2008 structura
1136 1961 1212 2009 con-

84 2053 189 2131 surgat,
216 2047 299 2130 quod
330 2049 436 2131 utique
460 2048 672 2114 obtinebimus
699 2047 850 2114 imitando
878 2048 978 2128 illum,
1007 2049 1059 2130 qui
1081 2047 1150 2113 ideo
1173 2067 1210 2112 ax
1239 2067 1264 2110 rr

84 2148 131 2214 deo
152 2152 243 2218 homo
271 2153 373 2218 iaetus
401 2159 459 2233 est,
487 2157 522 2218 ut
548 2154 638 2217 illum
665 2153 821 2235 possimus
848 2152 972 2216 imitari.
1018 2152 1211 2217 imitabimur

83 2259 177 2319 antem
205 2257 298 2322 deum
326 2257 518 2341 neglegendo
546 2257 717 2338 saeculum,
745 2257 873 2321 iniurias
897 2274 958 2320 non
986 2257 1211 2339 persequendo,

84 2359 249 2426 uoluntates
275 2362 417 2444 proprias
444 2362 627 2446 respuendo,
656 2360 858 2426 subiectionis
885 2361 1018 2444 gloriam
1045 2361 1210 2445 diligendo,

84 2463 287 2530 tribulationes
315 2467 558 2551 magnanimiter
585 2465 777 2546 sustinendo,
804 2467 937 2532 honoras
965 2483 1001 2530 ac
1028 2465 1153 2532 diuitias
1181 2471 1212 2531 et

84 2565 285 2635 dilectationes
307 2571 400 2635 huius
423 2571 558 2654 corporis
581 2571 773 2635 declinando.
813 2575 879 2634 tota
898 2571 1003 2652 itaque
1026 2569 1115 2636 nobis
1137 2571 1211 2635 illuc
1237 2589 1263 2630 rc

85 2669 309 2755 oblectamenta,
339 2677 437 2740 totam
464 2675 605 2757 requiem
627 2675 661 2738 iu
683 2675 770 2738 illam
794 2674 933 2738 futuram
955 2675 1089 2756 patriam
1112 2693 1211 2739 resar-

84 2793 182 2842 uemus
208 2783 240 2843 et
269 2777 431 2844 libertates
454 2797 490 2842 ac
512 2779 724 2860 praesentium
747 2779 920 2843 inlecebras
943 2777 1006 2862 (ac)
1028 2778 1210 2860 cupiditates

85 2877 245 2948 futurorum
269 2883 430 2948 desideriis
453 2899 640 2965 occupemus
664 2883 739 2947 illuc
761 2883 873 2946 cotidie
896 2882 1101 2964 suspirantes,
1133 2883 1208 2947 illuc

83 2986 157 3050 cordi
168 2991 272 3052 nostro
285 2988 452 3052 momentis
465 2987 609 3052 omuibus
621 2991 870 3070 praesentantem,
887 2986 982 3068 quod
994 2986 1122 3050 oculus
1140 3004 1210 3051 uon

84 3088 167 3154 uidit
188 3110 253 3156 nec
276 3093 378 3156 auris
401 3092 559 3172 audiuit,
583 3092 659 3156 illud
684 3093 750 3156 sine
775 3091 1007 3156 intermissione
1023 3091 1209 3174 cogitantes,
1236 3117 1262 3158 aa

83 3197 223 3272 quomodo
257 3197 351 3280 digne
389 3214 587 3260 occurremus
623 3196 661 3260 ad
699 3196 788 3260 illum
823 3195 994 3260 secundum
1029 3194 1209 3260 tremendae

83 3299 242 3365 maiestatis
270 3301 441 3365 aduentum
468 3301 621 3366 rationem
649 3301 686 3364 de
715 3299 846 3380 actibus,
875 3300 912 3362 de
941 3298 1148 3380 sermonibus,
1172 3299 1210 3364 do

83 3403 310 3486 cogitationibus
334 3405 494 3485 reddituri,
522 3406 567 3470 ita
589 3410 729 3489 agentes,
756 3406 800 3469 ita
822 3406 853 3468 in
881 3405 948 3469 loco
970 3407 1209 3487 perseuerantes

83 3508 161 3586 qnasi
188 3509 299 3574 cotidie
328 3509 365 3573 de
393 3510 451 3574 hac
479 3510 544 3573 uita
570 3509 738 3574 transituri.
786 3509 891 3574 odies
919 3509 1040 3572 dierum
1068 3507 1209 3572 omnium

83 3611 202 3694 nouitas,
225 3615 348 3678 lucrum
371 3614 450 3678 lucis
474 3619 505 3678 et
520 3613 715 3696 dispendium
738 3613 906 3694 caecitatis,
930 3613 961 3676 in
978 3631 1039 3695 quo
1063 3615 1208 3676 aeternus
1235 3637 1261 3679 ac

173 3811 218 3882 24]
239 3814 251 3867 1
272 3811 332 3867 Cor.
345 3814 369 3880 2,
382 3816 407 3868 9.

121 3985 263 4055 loperatu'o
282 3987 389 4058 scripsi,
407 3988 518 4056 operatit
536 3989 566 4043 D
630 3987 732 4044 salim
750 3989 780 4042 D
846 3989 878 4043 13
897 3987 951 4040 uita
970 3987 1000 4041 D
1072 3951 1160 4039 nostre
1180 3985 1209 4040 D

84 4067 206 4176 solidismtqr
223 4075 252 4130 D
309 4077 338 4130 15
355 4073 490 4128 emitando
504 4075 533 4130 D
578 4077 611 4131 16
628 4075 738 4146 amitere
757 4073 971 4146 pmitabimnrD
1025 4073 1056 4128 17
1074 4071 1163 4174 occuluit
1181 4073 1210 4126 D

84 4181 112 4236 20
127 4183 274 4242 ddectioms
294 4188 323 4242 D
375 4189 409 4244 22
427 4204 458 4241 ac
476 4189 583 4256 addidi,
601 4205 652 4243 om.
666 4188 696 4241 D
747 4189 781 4242 23
800 4185 897 4257 cotidie,²
917 4187 946 4240 D
1020 4187 1054 4240 24
1072 4184 1161 4238 oculos
1181 4185 1210 4240 D

84 4268 111 4322 25
127 4285 197 4327 aures
215 4275 244 4329 D
305 4276 338 4329 26
356 4275 493 4328 tremende
511 4275 541 4330 D
601 4277 635 4331 29
654 4273 766 4328 cotidiae
786 4274 815 4329 D
872 4272 962 4326 odies
981 4275 1061 4342 Aac,
1079 4269 1163 4326 bodie
1180 4273 1209 4326 D

84 4355 112 4408 30
152 4361 252 4416 nouitas
269 4361 300 4416 D
318 4361 376 4429 (diu
394 4363 425 4417 ior
441 4363 509 4430 rae.)
