2920 4928
530 423 770 492 Prolegomena.
1150 425 1219 480 XIII

100 597 220 678 proprias
248 597 407 662 exhibens.
454 617 514 680 que
541 602 631 681 pacto
658 603 763 664 autem
786 619 894 665 onmes
918 600 988 665 libri
1014 602 1216 685 manuscript

99 707 207 783 praeter
232 722 331 768 unum
353 703 514 768 Paschasii
542 705 661 768 diaconi
689 723 763 788 prae
791 725 824 770 se
852 706 954 770 ferant
976 723 1100 786 nomen,
1128 707 1218 770 laeile

98 805 153 871 luen
175 807 306 889 quodam
329 806 469 892 Gregorii
492 807 602 892 Magni
625 809 804 892 explicatur,
827 810 880 892 qui
902 809 935 874 in
957 809 1218 894 alstignum

98 909 163 975 llaec
183 911 268 976 dicit:
300 909 433 989 audiui,
462 911 547 996 quod
568 911 763 975 Paschasius
788 911 888 975 leuius
911 911 1106 998 apostolieae
1132 912 1217 976 sedis

98 1012 239 1078 diaeonus
269 1015 388 1100 (floruit
409 1035 490 1082 anno
513 1018 577 1081 lere
599 1015 688 1100 500),
719 1016 831 1079 cuiue
859 1015 965 1102 apud
993 1037 1059 1080 nos
1090 1017 1218 1080 rectin-

96 1119 433 1184 simietlueuienti
456 1119 498 1184 de
521 1120 672 1206 epi-ritu
694 1131 827 1184 saneto
851 1119 950 1184 libri
973 1132 1137 1200 eaetuut,
1161 1122 1217 1186 mi-

98 1245 145 1287 rae
174 1225 356 1289 sanctitatis
391 1224 450 1288 uir
477 1223 600 1310 fuerit.
648 1226 711 1290 iam
747 1226 775 1290 si
810 1227 1013 1292 statuerimus
1047 1227 1079 1290 in
1115 1227 1218 1292 codiee

96 1329 247 1415 aruhetype
280 1348 387 1396 eorum
419 1329 584 1411 librorum,
619 1330 650 1394 in
684 1329 797 1412 quibus
829 1331 991 1396 Paschasii
1026 1349 1140 1396 nomen
1174 1332 1218 1396 le-

95 1434 227 1517 gentibus
251 1436 395 1516 eeuurrit,
424 1435 533 1500 Fausti
560 1453 675 1500 nomen
702 1439 758 1499 aut
784 1436 913 1500 oonsilio
941 1441 1048 1520 utpote
1070 1437 1218 1502 haeretiei

95 1541 141 1603 aut
161 1559 231 1606 casu
254 1541 406 1604 emissum
435 1541 542 1620 luisse,
569 1539 730 1604 Paschasii
758 1559 881 1621 numen,
910 1541 997 1605 cuins
1025 1543 1217 1606 mentionem

94 1643 192 1708 iecisse
227 1645 577 1710 honorificentissimam
611 1642 795 1728 (tragurium
833 1644 986 1728 Magnum
1024 1645 1219 1710 meminisset

93 1747 234 1829 librarius,
258 1749 456 1834 suppositum
480 1767 548 1813 esse
572 1767 634 1813 non
657 1749 726 1828 erit,
750 1749 830 1830 qued
854 1749 1012 1813 miremur.
1052 1750 1106 1814 sed
1128 1751 1218 1834 plura

93 1851 126 1915 de
149 1853 205 1918 hae
229 1873 263 1918 re
291 1853 520 1940 disputanimus
548 1853 581 1916 in
609 1853 719 1916 studiis
748 1853 861 1916 nostris
892 1854 930 1916 de
957 1853 1065 1918 Fausti
1096 1855 1217 1936 scriptis

93 1975 118 2038 p.
133 1955 264 2022 att-46.

130 2061 233 2128 Libros
256 2063 294 2127 de
318 2063 429 2146 spiritu
452 2065 560 2127 sanctu
583 2081 601 2126 a
623 2062 738 2126 Fausto
762 2063 865 2126 exsule
889 2064 1020 2145 scriptos
1045 2081 1113 2126 esse
1134 2062 1218 2126 Krn-

93 2167 186 2232 sehins
208 2168 349 2249 eunieuit,
377 2169 458 2250 qnod
485 2169 571 2232 loeus
601 2168 726 2250 quidam
749 2168 951 2250 praelationis
975 2187 1047 2232 uum
1075 2168 1217 2251 epistulis

94 2269 127 2334 ab
153 2274 253 2337 ensnle
275 2273 356 2336 datis
379 2273 443 2336 lere
466 2271 675 2336 concordaret.
722 2272 776 2336 sed
806 2273 889 2336 loeus
917 2272 1120 2354 epistularum
1147 2272 1217 2338 illes

94 2375 190 2441 eodem
209 2381 298 2460 paeto
315 2396 351 2441 en
366 2377 557 2460 praefatione
581 2377 749 2459 exscriptus
773 2395 842 2440 esse
864 2394 955 2460 pesse
979 2377 1029 2440 uix
1052 2377 1217 2468 quisquam

93 2483 252 2563 negauerit,
280 2485 311 2546 et
334 2481 486 2546 Faustum
509 2501 617 2545 senem
645 2481 860 2564 grandaeuum
888 2481 938 2563 (en
961 2485 1068 2546 nostra
1091 2500 1218 2565 eompu-

93 2585 198 2651 tatiene
221 2587 285 2651 iere
309 2587 599 2670 septuagenarium)
622 2588 746 2650 tantum
768 2604 844 2668 opus
868 2585 1038 2651 confecisse
1058 2587 1136 2650 mihi
1156 2604 1218 2651 nen

94 2691 261 2772 persuadeo,
281 2693 378 2756 imme
394 2691 450 2756 hes
467 2691 562 2755 libres
578 2691 664 2773 prius
681 2709 775 2772 quarn
794 2690 891 2755 libros
912 2691 950 2754 de
970 2692 1071 2774 gratia
1087 2692 1217 2775 scriptos

95 2811 214 2877 eamque
236 2796 275 2861 eb
299 2815 366 2860 rem
391 2813 409 2860 a
431 2794 592 2861 Gennadie
615 2795 717 2878 priore
740 2796 807 2859 leue
830 2795 942 2860 allatos
965 2813 1033 2860 esse
1056 2799 1142 2878 puto.

131 2897 264 2966 Secundo
287 2901 355 2966 luen
378 2898 558 2965 Gennadius
581 2899 689 2964 laudat
711 2917 788 2982 opus
816 2899 859 2963 de
886 2899 1022 2984 gratia,
1050 2899 1131 2982 quod
1158 2918 1219 2982 qua

94 3001 126 3064 de
146 3022 236 3070 causa
258 3005 411 3087 seriptum
434 3005 484 3084 sit,
508 3005 583 3068 satis
606 3009 690 3068 uerte
714 3005 838 3068 seimus.
879 3003 1013 3068 Lneidns
1041 3005 1123 3068 eninr
1151 3005 1219 3086 qui-

95 3105 159 3172 dam
183 3111 344 3194 presbyter
371 3110 402 3174 in
431 3109 534 3174 uarius
563 3109 600 3172 de
626 3107 908 3192 praedestinatione
936 3108 985 3172 dei
1008 3126 1126 3172 errores
1149 3126 1220 3191 pre·

95 3209 199 3294 lapsus,
222 3233 413 3297 quamquam
437 3213 573 3278 Faustus
596 3232 667 3276 eum
687 3232 843 3296 praeseus
867 3209 972 3273 multe
994 3220 1022 3274 et
1046 3209 1220 3274 blandust

96 3313 204 3380 limiti
229 3315 448 3382 conlocutione
471 3338 649 3402 numquam
666 3316 778 3402 potuit
800 3314 846 3378 ad
872 3315 964 3379 uiam
986 3315 1140 3378 ueritatis
1164 3315 1219 3378 ad-

97 3421 220 3500 trahere,
248 3424 378 3504 neritnS,
406 3442 445 3486 ne
474 3423 589 3486 summi
616 3421 773 3486 antistites
801 3440 835 3485 se
862 3421 900 3486 ab
929 3421 1048 3485 unitate
1072 3421 1219 3485 ecelesiae

97 3529 322 3610 suspenderent,
345 3527 444 3610 petiit,
467 3531 503 3590 ut
525 3545 579 3610 per
595 3527 716 3590 litteras
733 3526 770 3589 de
791 3526 902 3609 gratia,
923 3525 997 3608 qnid
1017 3525 1219 3590 statuendum

98 3635 180 3712 esset,
201 3651 219 3696 a
239 3633 358 3698 Fausto
381 3631 569 3696 edoceretur.
605 3631 654 3694 eni
677 3630 827 3694 desiderio
851 3629 1004 3694 satisfecit
1026 3630 1161 3694 Faustus
1189 3633 1221 3693 et

98 3731 204 3801 litteras
226 3737 311 3802 dedit
333 3736 372 3800 ad
395 3735 547 3800 Lucidum
574 3735 743 3800 recensitas
766 3754 785 3798 a
807 3733 897 3798 nobis
919 3754 949 3817 p.
969 3732 1028 3796 161
1046 3753 1125 3817 sqq.,
1153 3735 1220 3816 qui·

100 3832 149 3900 lus
174 3840 221 3905 ille
248 3841 388 3925 exposita
415 3839 554 3904 doctrina
581 3840 734 3904 catholiea
765 3839 960 3920 admonetur,
990 3841 1025 3902 nt
1052 3838 1159 3902 statim
1186 3857 1220 3902 se

102 3945 147 4004 aut
166 3946 293 4029 recipere
316 3949 372 4010 ant
394 3963 540 4028 respuere
565 3963 634 4009 eam
657 3943 857 4028 respondeat:
893 3960 986 4024 quam
1010 3943 1063 4025 qui
1086 3961 1148 4007 nen
1171 3961 1220 4006 se-

105 4049 209 4130 quatur,
235 4051 364 4136 dignum
388 4067 449 4114 non
473 4068 552 4129 esse,
580 4049 632 4132 qui
655 4049 687 4112 in
710 4048 860 4112 eeclesiae
882 4047 1000 4131 gremio
1027 4049 1218 4131 permaneat.

108 4147 178 4213 addit
198 4153 325 4222 Faustus
349 4175 382 4220 se
405 4155 562 4236 exemplar
589 4153 741 4238 epistulae
768 4152 901 4216 retinere
929 4155 970 4234 et,
998 4152 1058 4216 nisi
1084 4150 1220 4215 Lucidns

113 4250 252 4328 epistulam
267 4260 476 4342 subscriptam
493 4275 564 4322 mon
584 4259 736 4337 remittat,
757 4257 839 4322 illius
856 4275 983 4322 eausam
1000 4256 1038 4320 ad
1055 4255 1220 4319 eonsilium

114 4355 259 4427 antistitum
282 4365 457 4428 delaturum
481 4382 550 4426 esse
574 4361 615 4445 (p.
637 4361 707 4442 164,
725 4360 742 4422 l
760 4360 853 4442 squ).
