2924 4924
536 461 602 515 1111.
622 461 732 514 Sermo
749 463 773 517 8.

81 641 297 703 monstratura
312 637 464 720 perduxit.
501 639 658 720 spectetur
675 635 733 701 sub
757 635 868 701 humili
890 635 1014 720 tugurio
1037 651 1126 700 sacra
1148 635 1228 699 nsti-

81 743 174 808 uitas.
216 741 362 806 adoratur
389 743 421 806 iu
448 742 572 825 pannis,
601 742 654 823 qui
681 741 781 824 fulget
810 741 842 804 in
873 740 982 808 stellis.
1022 739 1166 804 adoratur
1195 739 1228 803 in

80 847 207 930 pannis,
219 847 252 911 id
265 851 314 912 est
325 846 384 910 sub
398 847 570 910 abiectione
582 845 789 929 corruptionis
801 844 958 908 humanae
970 844 1119 909 inuiolata
1131 843 1228 908 maie-

81 956 158 1016 stas.
186 952 346 1016 reuelatur
361 953 510 1016 innuente
534 951 682 1033 mysterio
706 949 830 1013 diuinae
854 947 1082 1013 misericordiae
1105 947 1228 1031 magni-

82 1057 159 1120 tudo
182 1056 286 1137 ineo,
310 1055 392 1138 quod
415 1055 454 1120 ad
478 1054 640 1120 Christum
661 1055 798 1136 primum
820 1053 1003 1136 Aethiopes,
1025 1053 1057 1117 id
1080 1057 1129 1117 est
1151 1071 1228 1136 gen·
1268 1080 1281 1120 a

82 1161 152 1225 tiles
169 1159 397 1244 ingrediuntur.
422 1160 563 1244 gentium
579 1158 735 1242 primitiae
748 1161 971 1224 consecrantur
986 1157 1017 1220 in
1034 1157 1227 1240 agnitionem

81 1265 242 1344 ueritatis,
281 1282 473 1348 synagogam
507 1263 695 1328 Iudaeorum
728 1263 888 1346 praecedit
921 1262 1053 1326 ecclesia
1085 1264 1227 1346 gentium

80 1369 203 1452 peccati
227 1373 320 1433 eruta
342 1369 533 1452 nigritudine
556 1372 587 1432 et
609 1367 681 1431 fidei
705 1367 862 1431 induenda
883 1367 1026 1432 candore.
1070 1367 1148 1432 haee
1169 1370 1228 1432 ita·

80 1493 139 1556 que
155 1475 190 1538 in
210 1473 372 1557 praesepio
389 1473 523 1538 salutem
539 1475 679 1537 nostram
696 1473 821 1555 expetit.
846 1471 984 1554 quidest
1006 1471 1075 1552 hoc,
1098 1473 1180 1554 quod
1195 1473 1228 1536 in

78 1597 232 1662 praesepe
252 1579 389 1642 salutem
410 1580 551 1642 nostram
570 1577 707 1660 expetit?
752 1575 783 1640 id
799 1561 928 1640 est'fera
943 1575 1029 1659 prius
1052 1575 1227 1640 infidelium
1254 1601 1280 1642 ro

78 1683 266 1766 populorum
298 1681 465 1746 multitudo
492 1681 576 1745 intra
607 1681 755 1744 ecclesiae
786 1679 947 1744 stabulum
980 1683 1106 1764 recepta
1137 1698 1227 1744 man·

80 1787 209 1851 suescit.
257 1785 365 1850 ludaei
388 1786 514 1867 quidem
542 1785 715 1869 gloriantur
737 1784 858 1848 cultum
881 1802 976 1868 penes
1000 1803 1034 1848 se
1057 1803 1125 1848 esse
1148 1784 1227 1848 diui·

81 1909 169 1971 num,
193 1891 250 1954 sed
272 1889 365 1973 primi
387 1890 483 1973 legati
504 1890 648 1973 gentium
670 1889 779 1953 uident
795 1887 965 1953 Christum.
997 1905 1092 1970 quare
1112 1887 1226 1972 primi?

81 1995 155 2076 quia
183 2013 280 2058 sanus
305 1993 472 2058 Christiani
499 1994 606 2058 oculus
634 1994 737 2058 lucem
761 1994 910 2075 sequitur,
938 1992 1126 2058 ludaeorum
1153 2011 1226 2058 uero

82 2103 250 2182 corruptus
274 2099 404 2162 intuitus
427 2100 495 2182 ipsa
517 2099 585 2162 luce
602 2097 801 2163 subtunditur
817 2102 848 2162 et
871 2115 963 2182 aeger
979 2096 1107 2162 obtutus
1131 2098 1226 2162 inlato
1256 2123 1280 2163 n

83 2204 206 2268 lumine
231 2205 332 2287 magis
356 2203 552 2268 tenebrescit.

126 2309 255 2373 Interea
278 2307 370 2372 beata
392 2308 507 2391 legatio
529 2307 712 2389 perductam
736 2325 769 2371 se
793 2307 831 2371 ad
854 2323 945 2371 sacra
966 2305 1122 2372 cunabula
1143 2306 1227 2371 radio

82 2413 222 2496 desuper
244 2415 388 2476 currente
416 2412 558 2476 miratur.
605 2415 744 2476 extrema
770 2430 848 2495 gens
871 2410 953 2475 bono
979 2411 1103 2494 publico
1126 2411 1229 2495 prima

80 2517 206 2582 fruitur.
254 2534 348 2598 quam
379 2515 533 2598 stupenda
559 2515 739 2599 dignatione
762 2515 843 2579 inter
873 2516 1033 2598 amplexus
1063 2517 1228 2599 genetricis

79 2621 265 2701 includitur,
292 2621 346 2702 qui
369 2624 484 2684 terram
507 2621 691 2701 caelumque
714 2619 929 2702 conplectitur,
959 2620 992 2684 in
1019 2619 1091 2684 sinu
1118 2619 1228 2684 matris
1254 2645 1280 2686 ιο
1310 2615 1313 2624 ’

80 2725 172 2806 latet,
195 2725 249 2808 qui
265 2743 397 2808 regnum
413 2724 512 2808 patris
534 2724 660 2788 excedit.
697 2743 752 2807 per
775 2723 905 2806 simplex
927 2723 1065 2788 officium
1088 2724 1227 2806 spiritale

80 2831 243 2895 reueletur
259 2847 418 2908 arcanum,
434 2829 614 2894 humanitas
630 2829 775 2909 cernitur,
793 2827 939 2893 diuimtas
955 2828 1111 2892 adoratur.
1143 2827 1228 2892 erhi-

79 2933 162 2999 hent
193 2951 305 2998 aurum
337 2939 368 2997 et
399 2937 450 2997 tus
481 2937 513 2997 et
544 2951 682 3016 myrram
716 2933 787 3015 plus
817 2933 849 2997 in
880 2932 1039 3015 mysteriis
1069 2949 1162 3014 quam
1194 2931 1227 2995 in

78 3038 284 3103 conscientiis
308 3037 483 3102 offerentes.
522 3037 554 3101 in
578 3037 644 3101 auri
667 3055 796 3101 munera
818 3037 906 3120 regia
927 3037 1071 3120 dignitas,
1095 3037 1127 3100 in
1149 3035 1227 3100 turis

78 3160 200 3226 uapore
232 3142 339 3206 urina
369 3141 526 3223 maiestas,
559 3141 591 3206 in
619 3159 742 3225 myrrae
765 3142 868 3226 specie
896 3141 1075 3224 sepelienda
1098 3141 1228 3205 demon·
1254 3167 1279 3206 rr

78 3251 202 3312 stratur
223 3246 414 3310 humanitas.
445 3265 481 3310 oo
504 3246 549 3310 sic
573 3247 745 3310 trinitatem
768 3246 933 3311 oblationis
957 3265 1105 3311 numerus
1127 3245 1228 3328 loqui·

78 3357 144 3432 tur,
170 3351 326 3416 unitatem
348 3351 472 3415 deuotio
496 3367 559 3414 una
580 3353 723 3414 testatur.

123 3455 177 3520 Ac
206 3475 262 3540 per
293 3455 351 3519 hoc
380 3455 526 3538 peruigili
557 3455 730 3519 intentione
760 3455 861 3519 cordis
891 3455 1013 3519 caelum
1044 3456 1226 3522 studeamus

76 3560 238 3646 aspicere,
271 3559 298 3624 si
329 3559 368 3624 ad
400 3557 558 3624 Christum
591 3559 735 3642 cupimus
765 3559 938 3642 peruenire.
995 3559 1108 3644 dirigat
1137 3559 1227 3626 nobis

125 3803 295 3871 lupoctatur
307 3801 370 3856 Mai
416 3802 526 3870 tugurio
537 3802 610 3872 Mai,
622 3801 748 3872 tdlogorio
761 3802 791 3856 D
836 3802 1021 3858 ChumaneD
1066 3801 1228 3858 tdiuineD

73 3887 294 3958 aeanopoen
345 3887 534 3958 6primitieD
586 3889 789 3958 lsiuagogiD
840 3887 989 3959 poseditD
1042 3891 1074 3946 12
1091 3891 1228 3959 penesoD

75 3981 111 4034 14
131 3975 197 4046 luce
210 3975 239 4030 D
292 3977 325 4030 15
344 3973 737 4032 subtunditurmuffundnur
750 3977 779 4031 D
832 3992 894 4046 eger
908 3977 937 4031 D
990 3979 1023 4033 18
1035 3979 1185 4030 canentem
1198 3977 1228 4032 D

73 4061 193 4134 puplico
213 4063 244 4118 D
310 4065 342 4118 19
360 4061 480 4131 dignatio
498 4064 571 4134 Aug.
584 4064 615 4118 ἐπ
631 4079 709 4119 sam.
722 4065 817 4133 spuo-tc
835 4067 895 4130 135,
908 4069 932 4130 5,
950 4065 998 4119 uhi
1015 4065 1080 4120 hoco
1096 4065 1228 4120 sommo

67 4167 148 4223 pm
161 4147 277 4215 (interea
288 4147 367 4203 beata
378 4147 547 4220 legatio-p.
557 4153 618 4217 254,
628 4154 645 4204 5
657 4151 825 4220 corruptione
838 4149 983 4218 custodiat)
995 4151 1094 4221 legitur
1127 4151 1162 4206 20
1174 4153 1228 4204 tor·

71 4241 167 4307 rique
187 4235 225 4290 D¹
289 4238 321 4293 21
341 4236 458 4306 semplax
475 4237 506 4292 D
569 4239 603 4292 22
621 4236 738 4291 archanii
757 4239 787 4292 D
850 4240 885 4294 23
903 4237 931 4292 iu
949 4239 1020 4308 Aug.
1039 4237 1109 4304 Mai,
1127 4254 1178 4294 om.
1197 4238 1229 4293 D

70 4329 109 4384 24
131 4323 234 4390 dignu
250 4324 280 4379 D
332 4325 366 4380 25
385 4323 466 4378 mirre
485 4325 514 4378 D
566 4326 600 4379 27
619 4325 750 4378 unitatem
768 4326 839 4396 Aug.
858 4325 929 4393 Mai,
947 4323 1116 4393 iniquitatum
1134 4324 1172 4392 D,
1189 4341 1229 4382 oa

72 4409 285 4477 unaequitatem
303 4410 507 4480 (uniquitatem)
524 4411 718 4470 euitandam?
769 4414 803 4468 28
822 4410 972 4465 studiamus
991 4411 1021 4466 D
