2954 4930
252 429 315 494 338
692 429 758 482 1111.
777 429 885 483 Serme
903 431 944 484 29.

252 603 369 668 Paulus
393 604 552 686 apostolus
579 606 771 668 contestatur
801 603 922 666 dieens:
954 601 1020 666 alii
1050 602 1158 666 datur
1188 619 1302 664 sermo
1329 618 1376 664 su-

252 707 435 790 pientiae,
459 707 523 772 elii
546 725 666 772 sermo
689 697 886 786 scientiae}
910 706 974 770 alii
996 705 1094 770 fides
1116 707 1153 769 in
1176 705 1377 787 eudemspi·

251 811 338 876 ritu.
395 811 486 876 haee
516 815 640 876 autem
673 811 796 875 omnia
825 813 1001 893 operatur
1031 827 1125 874 unus
1156 813 1266 891 atque
1293 809 1379 872 idem

252 915 411 998 spiritus
435 915 607 980 diuidens
631 915 808 999 singulis,
831 918 944 996 pruut
965 913 1058 978 uult.

215 1045 228 1084 u
297 1017 356 1083 Sed
380 1018 455 1083 dicit
477 1019 609 1084 fortasse
632 1020 691 1085 hoe
709 1019 776 1094 loeo
793 1018 918 1100 uliquis:
943 1018 970 1082 si
985 1019 1031 1082 eis
1046 1021 1170 1082 tantum
1186 1016 1295 1082 diuidit
1308 1016 1380 1080 duna

254 1140 312 1186 sua
335 1123 474 1204 spiritus,
502 1123 614 1205 quibus
638 1123 717 1203 uult,
745 1139 818 1206 ergo
842 1125 928 1186 entra
950 1123 1074 1206 eulpam
1098 1125 1155 1201 est,
1182 1122 1235 1203 qui
1257 1138 1316 1185 neu
1336 1138 1381 1184 ae·

254 1226 328 1309 eipit
350 1227 478 1308 denum,
508 1227 583 1309 quia
605 1227 715 1292 diuisis
737 1226 909 1310 gratialum
933 1243 995 1291 neu
1018 1245 1054 1292 er
1077 1225 1256 1308 desipientis
1276 1225 1382 1308 pendet

254 1333 337 1411 ueto,
369 1331 423 1394 sed
447 1349 482 1396 er
505 1331 634 1397 arbitrie
658 1330 833 1396 diuidentis.
879 1349 990 1395 uerum
1013 1334 1070 1411 est,
1101 1329 1305 1410 ddeetissimi,
1332 1329 1382 1392 sed

254 1435 299 1498 ita
321 1437 427 1500 temen
451 1453 561 1499 uerum
585 1437 643 1516 est,
666 1439 702 1499 ut
724 1435 783 1500 hee
803 1435 840 1499 de
856 1434 1023 1500 uirtutibus
1038 1438 1173 1516 tantum,
1197 1452 1260 1498 nen
1274 1434 1310 1498 de
1324 1434 1383 1497 uita

203 1565 228 1604 ιο
253 1538 481 1622 intellegamus.
538 1539 670 1604 uirtutes
701 1540 783 1604 enim
813 1555 875 1604 neu
905 1556 1015 1604 omnes
1045 1555 1212 1622 pessumus
1242 1536 1383 1616 obdnere,

253 1642 376 1706 etiamsi
406 1643 555 1722 uelimus,
590 1643 690 1708 uitam
720 1647 826 1708 tamen
861 1660 970 1708 omnes
1005 1659 1171 1726 pessumus
1206 1660 1327 1726 rapere,
1360 1641 1385 1704 si

256 1763 442 1828 quaeramus
465 1745 638 1811 seeundum
660 1747 752 1812 illud:
784 1746 903 1812 omnis
931 1747 1042 1827 enim,
1073 1747 1135 1829 qui
1157 1747 1268 1830 petit,
1298 1745 1385 1809 aeei-

253 1849 308 1931 pit
338 1853 388 1930 et,
418 1850 480 1931 qui
511 1851 671 1932 quaerit,
702 1851 857 1914 inuenit.
903 1850 1013 1916 diuisio
1044 1867 1117 1934 erge
1148 1849 1329 1914 sublimium
1357 1852 1386 1911 et

255 1953 472 2017 excellentium
487 1955 659 2036 gratiarum
675 1954 714 2018 ad
730 1954 894 2020 arbitrium
910 1955 995 2020 etad
1011 1955 1275 2037 dispensationem
1291 1953 1387 2017 saneti

204 2085 229 2124 n
256 2057 382 2139 spiritus
405 2059 550 2140 pertinet,
574 2059 769 2123 conuersatio
792 2059 875 2123 uitae
898 2057 998 2124 bonae
1022 2059 1061 2122 ad
1083 2057 1177 2122 fidem
1199 2057 1331 2123 heminis
1353 2074 1386 2118 ee

253 2160 403 2226 laborem.
450 2162 552 2226 omnis
580 2163 675 2242 euim,
706 2163 759 2244 qui
780 2163 869 2246 petit,
901 2163 1077 2246 accipitet,
1109 2163 1161 2244 qui
1184 2162 1313 2244 quaerit,
1342 2161 1386 2223 in-

254 2265 349 2330 uenit.
396 2268 485 2348 petet
513 2269 634 2330 tuntum
666 2267 778 2348 aliquis
808 2271 873 2331 toto
905 2267 995 2331 eorde
1026 2271 1058 2331 et
1086 2271 1229 2350 quaerat:
1260 2266 1312 2348 qui
1333 2263 1385 2328 tibi

254 2369 346 2432 iussit
368 2387 526 2450 quaerere,
550 2370 616 2434 sine
639 2370 732 2434 dubio
754 2373 904 2454 praestat,
927 2374 963 2434 ut
985 2371 1090 2435 ualees
1113 2370 1263 2434 inuenire.
1301 2385 1385 2432 nunr-

254 2473 328 2555 quid
344 2473 429 2538 enim
445 2474 596 2540 ment'tur
619 2493 722 2540 sermo
745 2475 892 2540 diuinus?
930 2474 1094 2558 pulsate,
1117 2473 1230 2556 inquit,
1253 2475 1290 2536 et
1310 2489 1384 2554 epe

203 2603 229 2644 re
254 2577 373 2640 rietur
403 2576 519 2642 uobis.
565 2578 698 2661 utquid
720 2579 846 2662 pulsare
869 2597 926 2644 nos
949 2579 1116 2662 praecepit,
1147 2579 1207 2643 nisi
1230 2578 1301 2660 quia
1321 2575 1382 2638 uuit

254 2681 374 2765 aperire
396 2681 615 2764 pulsantibus?
650 2683 682 2748 in
702 2683 845 2748 hemines
868 2683 951 2766 ipses
967 2683 1045 2748 haee
1059 2681 1206 2765 iniquitas
1222 2699 1283 2746 nou
1298 2678 1381 2754 eadit,

256 2789 292 2850 ut
314 2803 348 2849 se
371 2786 448 2850 uelit
470 2787 582 2870 rugari,
614 2787 667 2869 qui
690 2787 768 2852 nolit
789 2805 935 2852 annuere.
981 2787 1083 2852 omnis
1106 2787 1200 2866 euim,
1230 2785 1281 2868 qui
1302 2799 1381 2866 prae

222 2915 224 2920 ’
254 2889 358 2954 standi
388 2907 450 2954 non
481 2889 578 2954 hebet
607 2894 726 2971 uotum,
756 2892 892 2974 petentis
915 2891 1031 2975 refugit
1052 2891 1254 2974 postulatum.
1297 2901 1380 2952 neme

255 2997 313 3073 est,
345 2993 398 3074 qui
428 3013 461 3058 se
491 2994 595 3077 rogari
625 2995 712 3076 uelit,
742 2995 803 3059 nisi
833 2996 887 3078 qui
910 2999 981 3060 ante
1004 2995 1087 3077 apud
1109 3013 1143 3060 ee
1166 2993 1322 3071 deliberat,
1349 2990 1378 3050 ut

202 3124 228 3163 ιι
254 3101 401 3180 praestet.
448 3115 521 3182 ergo
552 3099 639 3180 deus,
670 3100 724 3182 qui
746 3099 892 3164 omuibus
916 3100 986 3164 nult
1008 3098 1154 3180 tribuere,
1184 3099 1225 3163 ab
1247 3093 1379 3162 omnibus

254 3202 324 3266 uult
346 3203 449 3286 rogeri
471 3203 590 3268 disens:
622 3204 741 3287 petite
771 3207 807 3268 et
837 3203 986 3269 dabitur
1008 3203 1134 3285 uubis,
1165 3202 1329 3286 quaerite
1349 3197 1380 3258 et

254 3306 468 3370 inuenietis,

298 3409 358 3474 Sed
381 3409 482 3474 dicere
498 3411 629 3477 forsitan
645 3415 750 3494 petest
766 3412 892 3494 aliquis:
915 3413 942 3476 si
957 3412 1070 3494 omnis,
1093 3412 1146 3494 qui
1160 3412 1248 3495 petit,
1270 3405 1381 3489 serpit,

255 3531 328 3595 erge
359 3515 463 3594 etiam,
493 3515 520 3578 si
550 3516 683 3580 uirtutes
713 3519 868 3598 petumuS,
899 3517 1096 3600 eneipiemus.
1141 3535 1198 3580 eur
1225 3516 1305 3580 enim
1327 3525 1383 3574 uon

203 3643 228 3682 eo
256 3618 351 3680 etiam
375 3619 506 3683 uirtutes
529 3623 684 3702 putemne,
709 3621 735 3684 ei
759 3621 863 3686 emnia
884 3638 1051 3704 pessumus
1072 3621 1222 3702 eeeipere,
1244 3635 1321 3702 quae
1335 3631 1385 3695 pu

255 3721 416 3786 tierimus?
467 3739 528 3786 non
559 3723 604 3788 ita
634 3728 691 3805 est,
722 3723 924 3790 dilectissimi.
971 3723 1142 3808 superbum
1172 3728 1221 3788 est
1250 3723 1330 3787 euim
1358 3719 1385 3778 ei

359 3909 386 3980 l]
406 3913 419 3968 1
440 3910 498 3967 Cor.
513 3913 554 3976 12,
566 3914 591 3968 8.
658 3911 703 3982 12]
721 3912 818 3967 Matth.
831 3915 856 3978 7,
868 3915 892 3970 8.
911 3911 974 3967 Lue.
990 3915 1085 3978 11,10.
1158 3912 1203 3982 19]
1221 3909 1315 3966 unua
1328 3909 1352 3968 7,
1363 3905 1385 3956 7-

254 3995 317 4050 Luc.
333 3998 373 4062 ll,
386 3999 409 4054 9.
464 3998 508 4068 26]
527 3999 625 4054 Matth.
638 4001 663 4064 7,
676 4002 701 4054 7.
720 3999 783 4054 Luc.
799 4002 838 4064 11,
851 4003 876 4054 9.

298 4187 330 4242 12
357 4202 499 4255 queramus
525 4190 553 4246 R
625 4192 657 4246 13
683 4190 773 4259 querit
797 4191 825 4246 R
897 4193 929 4246 14
956 4189 1097 4244 arbitrium
1125 4191 1152 4246 B
1178 4191 1247 4258 (rum
1270 4190 1303 4244 ιἰι
1323 4182 1392 4246 me)

256 4275 289 4328 16
306 4273 395 4341 querit
411 4275 439 4330 R
493 4278 524 4332 17
543 4275 639 4345 aliquis
656 4277 685 4333 R
700 4279 732 4332 iu
748 4295 802 4334 rue.
861 4279 895 4332 22
913 4275 999 4332 uelint
1016 4279 1080 4334 Mei
1137 4277 1208 4346 quod
1226 4275 1310 4331 uelint
1327 4267 1391 4327 Μεθ’

255 4361 288 4414 29
307 4375 376 4426 quur
393 4361 421 4416 R
438 4363 480 4428 (in
497 4381 581 4434 muru.
601 4365 659 4430 eur)
