2886 4928
252 417 312 480 126
633 417 669 472 Il.
690 418 733 472 De
752 418 871 487 spiritu
891 423 1004 472 sancto

248 593 331 657 libus
362 595 404 658 sit
431 595 638 660 determinata
659 593 821 659 limitibus.
868 597 911 660 ait
933 595 1081 679 apostolis
1104 595 1263 659 dominus:
1296 592 1376 657 acci·

249 699 360 780 piatis
392 699 572 762 uirtutem
603 699 909 782 superuenientis
940 699 1098 782 spiritus
1122 698 1243 762 sancti
1266 698 1302 761 in
1322 714 1375 760 uos

250 805 285 866 et
316 803 422 866 eritis
454 803 544 866 mihi
572 807 691 867 testes
721 805 757 867 in
781 804 1018 868 Hierusalem
1046 807 1082 868 et
1108 804 1144 867 in
1167 821 1309 868 omnem
1329 800 1376 864 Iu·

249 906 377 970 dacem
400 909 436 971 et
459 906 664 972 Samariam
687 911 723 971 et
746 927 861 990 usque
885 907 927 972 ad
951 908 1125 972 ultimum
1149 910 1282 971 terrae.
1317 909 1376 989 post

209 1037 222 1076 e
249 1011 336 1075 cuius
364 1011 579 1076 ascensionem
606 1011 694 1076 uenit
722 1031 815 1095 super
839 1030 891 1076 eos
916 1013 1042 1094 spiritus
1066 1014 1192 1076 sanctus
1220 1014 1257 1074 et
1283 1026 1377 1092 appa·

248 1119 405 1180 ruerunt
426 1115 505 1180 illis
528 1115 750 1198 dispertitae
777 1117 929 1201 linguae
952 1117 1059 1198 quasi
1081 1117 1192 1200 ignis,
1220 1115 1376 1196 seditque

249 1237 362 1303 supra
391 1221 561 1305 singulos
584 1239 720 1286 eorum.

291 1323 473 1406 Uideamus‚
498 1341 593 1407 quare
609 1325 754 1407 primitus
771 1325 966 1390 diuersarum
983 1326 1138 1390 donantur
1160 1324 1376 1390 benedictiones

249 1427 439 1511 linguarum,
462 1429 611 1493 nimirum
631 1432 667 1494 ut
686 1429 789 1494 idonei
804 1429 978 1494 efficiantur
994 1429 1132 1494 fidelium
1149 1429 1318 1494 eruditione
1331 1443 1377 1510 po·

198 1557 223 1596 ro
249 1532 403 1614 pulomm.
460 1533 542 1615 quod
571 1551 645 1598 uero
676 1552 771 1618 supra
802 1535 941 1619 singulos
971 1534 1089 1599 sedisse
1120 1538 1321 1612 memoratur,
1351 1529 1376 1593 id

249 1653 361 1701 causae
384 1639 443 1718 est,
466 1641 502 1702 ut
523 1638 725 1721 intellegatur
747 1657 802 1722 per
824 1639 961 1722 plurales
985 1657 1048 1703 non
1067 1638 1163 1702 fuisse
1183 1638 1309 1718 diuisus,
1331 1632 1377 1697 sed

249 1741 401 1806 mansisse
424 1742 456 1805 in
480 1742 611 1826 singulis
635 1744 729 1823 totae,
761 1743 842 1806 sicut
867 1742 933 1806 fieri
958 1741 1084 1827 ignibus
1108 1759 1175 1806 mos
1199 1747 1256 1807 est.
1307 1741 1378 1804 banc

249 1846 342 1927 enim,
375 1849 410 1910 ut
432 1846 587 1927 nouimus
618 1845 713 1910 habet
736 1850 881 1911 naturam
912 1847 994 1931 ignis
1018 1865 1177 1926 accensus,
1208 1850 1253 1926 ut,
1281 1841 1379 1928 quanti

249 1951 286 2014 ad
309 1969 391 2032 eum,
415 1951 522 2033 quanti
539 1951 578 2014 ad
593 1951 712 2016 crinem
727 1953 876 2036 purpurei
892 1951 1065 2036 splendoris
1082 1951 1268 2034 aspexerint,
1291 1947 1378 2014 tantis

198 2081 222 2120 re
250 2073 342 2118 usum
378 2073 452 2119 suae
486 2055 565 2119 lucis
597 2056 759 2139 inpertiat,
793 2057 890 2121 tantis
926 2056 1135 2120 ministerium
1170 2056 1219 2120 sui
1253 2051 1380 2118 muneris

248 2158 366 2223 tribuat
396 2162 428 2223 et
458 2159 524 2242 ipse
555 2159 756 2224 nihilominus
781 2160 814 2225 in
837 2160 886 2224 sui
908 2161 1087 2244 integritate
1109 2163 1299 2242 permaneat.
1342 2157 1381 2219 ita

249 2263 350 2328 sancti
370 2263 499 2345 spiritus
516 2263 624 2345 uirtus,
642 2265 873 2347 quantumlibet
887 2264 1005 2346 effluat,
1029 2263 1260 2348 quantumlibet
1273 2265 1303 2328 in
1318 2261 1381 2344 plu·

249 2368 345 2432 rimos
368 2367 471 2452 gratia
494 2367 624 2432 diuinae
639 2369 795 2454 largitatis
819 2369 975 2451 exuberet,
1000 2370 1080 2434 sicut
1104 2369 1222 2434 nullam
1242 2367 1382 2454 probatur

248 2472 385 2554 recipere
408 2491 599 2554 mensuram,
623 2473 667 2537 ita
690 2475 809 2539 nullam
829 2476 925 2539 sentit
940 2493 1116 2559 expensam.
1153 2475 1279 2538 aduerte
1294 2473 1380 2536 deum

197 2603 222 2641 ro
250 2595 286 2640 er
309 2595 438 2660 operum
462 2577 623 2662 dignitate.
660 2579 793 2662 apostoli
815 2579 899 2662 pleni
922 2580 1034 2662 spiritu
1057 2583 1165 2644 sancto
1188 2593 1380 2662 peromnem

250 2681 401 2745 mundum
431 2682 541 2746 salutis
571 2683 733 2748 thesauros
764 2683 920 2768 erogaturi
950 2684 1083 2748 caeleste
1114 2685 1173 2748 hoc
1207 2701 1321 2747 munus
1353 2680 1380 2741 in

250 2803 283 2849 se
306 2785 540 2867 circumierunt,
568 2787 601 2850 in
625 2787 702 2852 alios
724 2788 869 2871 inpositis
893 2787 1038 2852 manibus
1061 2788 1262 2852 transierunt.
1308 2783 1382 2849 acei-

248 2890 364 2974 pientis
386 2891 507 2955 lucrum
532 2892 598 2956 sine
621 2893 735 2957 damno
758 2894 861 2977 agitur
883 2893 1055 2976 largientis,
1079 2893 1276 2957 credentibus
1303 2893 1380 2954 totus

249 2995 382 3059 traditur
412 2998 444 3060 et
470 2999 554 3060 totns
579 3015 597 3060 a
619 2997 814 3062 tradentibus
837 2997 1023 3080 possidetur,
1054 2997 1209 3061 infusione
1232 2997 1296 3060 eius
1319 2993 1383 3056 uni·

198 3125 223 3164 ss
251 3117 361 3164 uersus
377 3099 460 3164 orbis
477 3101 634 3184 impletur,
659 3102 726 3166 aine
743 3102 954 3166 attenuatione
971 3102 1130 3182 dilatatur,
1153 3102 1221 3166 sine
1236 3099 1382 3164 diuisione

250 3204 447 3289 dispergitur.

355 3369 381 3438 1]
401 3368 459 3424 Aet.
475 3373 497 3435 l,
511 3371 535 3426 8.
589 3369 618 3439 5]
636 3369 696 3424 aec.
710 3372 735 3440 2,
748 3371 771 3424 3.

295 3510 307 3563 1
328 3507 564 3566 determinandae
633 3511 649 3564 2
668 3509 777 3578 spiritus
796 3509 882 3564 sancti
900 3509 1110 3580 superuenientis
1128 3509 1156 3564 P
1223 3507 1331 3565 domni
1348 3505 1384 3558 iu-

250 3593 316 3649 daea
338 3597 365 3648 et
383 3596 497 3649 samaria
514 3597 542 3650 P
610 3596 754 3666 5spiritus
774 3601 881 3650 sanctus
900 3613 978 3666 super
996 3613 1073 3652 eosu
1143 3595 1318 3666 ddispertite
1337 3591 1387 3648 ΡΥ

250 3683 337 3752 quasi]
356 3685 484 3751 tanquam
503 3683 531 3738 P
589 3685 702 3752 isuper
719 3685 747 3738 P
805 3682 993 3758 Slinguernm
1011 3683 1243 3738 benedictionesu
1294 3678 1385 3738 eeffi-

250 3772 372 3824 cerentur
389 3771 417 3824 P
487 3773 519 3826 10
537 3769 617 3839 quio
686 3771 777 3840 supra]
796 3763 886 3826 inu¹
929 3773 960 3827 11
980 3770 1146 3838 intelligatur
1163 3771 1190 3826 V
1255 3767 1389 3839 pluresP

251 3883 297 3937 sed
315 3903 365 3941 om.
385 3884 413 3938 P
475 3887 506 3940 12
524 3883 667 3938 munssisse
686 3885 713 3939 P
764 3883 849 3986 ¹totus]
869 3883 915 3937 scd
933 3885 996 3939 edd.
1016 3885 1043 3939 P
1095 3886 1127 3939 14
1145 3849 1325 3950 arimen'V(
1381 3922 1386 3932 .

250 4015 322 4052 mae.
337 3999 396 4065 arr.)
450 3999 481 4053 15
500 3997 638 4067 impertiat
653 3999 681 4051 P
732 3999 837 4052 sutor
888 4000 920 4052 re
939 3997 994 4066 ipse
1012 4013 1098 4052 ome
1144 3983 1391 4050 'nrnrrnomrnusr

252 4087 282 4139 17
296 4083 561 4188 qipantumlibeatl'
613 4088 644 4140 18
658 4083 803 4140 nullan
855 4087 887 4139 19
900 4084 1011 4138 sensitu
1058 4085 1089 4137 21
1105 4079 1389 4136 thesaurossalulisP

250 4203 374 4267 erogatur
401 4199 425 4254 V
445 4200 474 4265 (n
497 4217 568 4253 uren.
593 4200 651 4266 alt.)
727 4199 760 4254 22
783 4197 966 4252 circunferuut
989 4197 1016 4251 P
1088 4196 1212 4250 manibus
1235 4195 1389 4266 inpositisr

250 4286 357 4355 inpositi
381 4287 409 4340 P
487 4285 677 4352 accipientibus
700 4304 716 4340 u
794 4288 828 4340 23
851 4284 955 4338 lucrum
978 4303 1028 4340 om.
1052 4303 1068 4338 o
1147 4283 1247 4352 agitur]
1271 4283 1355 4337 datur
1376 4297 1388 4336 r

250 4375 284 4426 25
303 4372 450 4426 attentione
469 4391 484 4427 o
