<?xml version="1.0" encoding="UTF-8"?>
<!DOCTYPE html PUBLIC "-//W3C//DTD XHTML 1.0 Transitional//EN"
    "http://www.w3.org/TR/xhtml1/DTD/xhtml1-transitional.dtd">
<html xmlns="http://www.w3.org/1999/xhtml" xml:lang="en" lang="en">
 <head>
  <title>
</title>
<meta http-equiv="Content-Type" content="text/html;charset=utf-8" />
  <meta name='ocr-system' content='tesseract 3.04.00' />
  <meta name='ocr-capabilities' content='ocr_page ocr_carea ocr_par ocr_line ocrx_word'/>
</head>
<body>
  <div class='ocr_page' id='page_1' title='image "./praetersermones00fausgoog/praetersermones00fausgoog_0547.png"; bbox 0 0 2944 4936; ppageno 0'>
   <div class='ocr_carea' id='block_1_1' title="bbox 354 441 1219 512">
    <p class='ocr_par' dir='ltr' id='par_1_1' title="bbox 354 441 1219 512">
     <span class='ocr_line' id='line_1_1' title="bbox 354 441 1219 512; baseline 0.005 -16"><span class='ocrx_word' id='word_1_1' title='bbox 354 441 951 512; x_wconf 62' lang='lat' dir='ltr'><strong>Faumiepmcopiderafionessdm.</strong></span> <span class='ocrx_word' id='word_1_2' title='bbox 1154 441 1219 507; x_wconf 79' lang='lat'><strong>459</strong></span> 
     </span>
    </p>
   </div>
   <div class='ocr_carea' id='block_1_2' title="bbox 63 620 1272 2582">
    <p class='ocr_par' dir='ltr' id='par_1_2' title="bbox 63 620 1218 1012">
     <span class='ocr_line' id='line_1_2' title="bbox 65 620 1217 697; baseline 0.001 -18"><span class='ocrx_word' id='word_1_3' title='bbox 65 621 254 696; x_wconf 88' lang='lat' dir='ltr'><strong>spiritum,</strong></span> <span class='ocrx_word' id='word_1_4' title='bbox 278 622 383 681; x_wconf 90' lang='lat' dir='ltr'><strong>alteri</strong></span> <span class='ocrx_word' id='word_1_5' title='bbox 403 621 494 680; x_wconf 84' lang='lat' dir='ltr'><strong>tides</strong></span> <span class='ocrx_word' id='word_1_6' title='bbox 510 622 546 680; x_wconf 92' lang='lat' dir='ltr'><strong>in</strong></span> <span class='ocrx_word' id='word_1_7' title='bbox 562 623 674 680; x_wconf 89' lang='lat' dir='ltr'><strong>eodem</strong></span> <span class='ocrx_word' id='word_1_8' title='bbox 690 621 834 696; x_wconf 89' lang='lat' dir='ltr'><strong>spiritu,</strong></span> <span class='ocrx_word' id='word_1_9' title='bbox 857 620 919 680; x_wconf 88' lang='lat' dir='ltr'><strong>alii</strong></span> <span class='ocrx_word' id='word_1_10' title='bbox 938 622 1055 697; x_wconf 73' lang='lat' dir='ltr'><strong>gratia</strong></span> <span class='ocrx_word' id='word_1_11' title='bbox 1069 622 1217 681; x_wconf 85' lang='lat' dir='ltr'><strong>coratio·</strong></span> 
     </span>
     <span class='ocr_line' id='line_1_3' title="bbox 64 721 1216 806; baseline 0.001 -22"><span class='ocrx_word' id='word_1_12' title='bbox 64 721 1216 806; x_wconf 64' lang='lat' dir='ltr'><strong>numinunosmrstu,ahigmmrahngnmnm‚opmamoumto</strong></span> 
     </span>
     <span class='ocr_line' id='line_1_4' title="bbox 63 831 1218 906; baseline 0 -16"><span class='ocrx_word' id='word_1_13' title='bbox 63 835 156 902; x_wconf 90' lang='lat' dir='ltr'><strong>tum,</strong></span> <span class='ocrx_word' id='word_1_14' title='bbox 182 831 246 890; x_wconf 91' lang='lat' dir='ltr'><strong>alii</strong></span> <span class='ocrx_word' id='word_1_15' title='bbox 266 831 459 906; x_wconf 77' lang='lat' dir='ltr'><strong>prophetia.</strong></span> <span class='ocrx_word' id='word_1_16' title='bbox 491 833 575 891; x_wconf 88' lang='lat' dir='ltr'><strong>haec</strong></span> <span class='ocrx_word' id='word_1_17' title='bbox 595 831 707 891; x_wconf 90' lang='lat' dir='ltr'><strong>omnia</strong></span> <span class='ocrx_word' id='word_1_18' title='bbox 727 834 891 906; x_wconf 75' lang='lat' dir='ltr'><strong>operatur</strong></span> <span class='ocrx_word' id='word_1_19' title='bbox 911 849 999 890; x_wconf 87' lang='lat' dir='ltr'><strong>nnus</strong></span> <span class='ocrx_word' id='word_1_20' title='bbox 1016 834 1117 905; x_wconf 89' lang='lat' dir='ltr'><strong>atque</strong></span> <span class='ocrx_word' id='word_1_21' title='bbox 1134 832 1218 890; x_wconf 85' lang='lat' dir='ltr'><strong>idem</strong></span> 
     </span>
     <span class='ocr_line' id='line_1_5' title="bbox 64 936 796 1012; baseline 0.001 -18"><span class='ocrx_word' id='word_1_22' title='bbox 64 936 796 1012; x_wconf 77' lang='lat' dir='ltr'><strong>spirnuscnncenssingunsproutuun.</strong></span> 
     </span>
    </p>

    <p class='ocr_par' dir='ltr' id='par_1_3' title="bbox 65 1041 1272 1746">
     <span class='ocr_line' id='line_1_6' title="bbox 112 1041 1270 1116; baseline 0.002 -16"><span class='ocrx_word' id='word_1_23' title='bbox 112 1043 155 1100; x_wconf 82' lang='lat' dir='ltr'><strong>Et</strong></span> <span class='ocrx_word' id='word_1_24' title='bbox 166 1043 303 1116; x_wconf 83' lang='lat' dir='ltr'><strong>quomodo</strong></span> <span class='ocrx_word' id='word_1_25' title='bbox 316 1041 445 1112; x_wconf 87' lang='lat' dir='ltr'><strong>dicimus,</strong></span> <span class='ocrx_word' id='word_1_26' title='bbox 461 1041 659 1100; x_wconf 78' lang='lat' dir='ltr'><strong>ministerialis</strong></span> <span class='ocrx_word' id='word_1_27' title='bbox 672 1044 726 1112; x_wconf 89' lang='lat' dir='ltr'><strong>est,</strong></span> <span class='ocrx_word' id='word_1_28' title='bbox 742 1042 791 1115; x_wconf 86' lang='lat' dir='ltr'><strong>qni</strong></span> <span class='ocrx_word' id='word_1_29' title='bbox 803 1041 939 1100; x_wconf 86' lang='lat' dir='ltr'><strong>miracula</strong></span> <span class='ocrx_word' id='word_1_30' title='bbox 951 1045 1095 1098; x_wconf 85' lang='lat' dir='ltr'><strong>tantorum</strong></span> <span class='ocrx_word' id='word_1_31' title='bbox 1109 1041 1218 1099; x_wconf 82' lang='lat' dir='ltr'><strong>charis·</strong></span> <span class='ocrx_word' id='word_1_32' title='bbox 1257 1065 1270 1103; x_wconf 83' lang='lat' dir='ltr'><strong>a</strong></span> 
     </span>
     <span class='ocr_line' id='line_1_7' title="bbox 65 1145 1219 1220; baseline -0.001 -15"><span class='ocrx_word' id='word_1_33' title='bbox 65 1150 182 1206; x_wconf 88' lang='lat' dir='ltr'><strong>matam</strong></span> <span class='ocrx_word' id='word_1_34' title='bbox 203 1145 322 1206; x_wconf 86' lang='lat' dir='ltr'><strong>arbitrio</strong></span> <span class='ocrx_word' id='word_1_35' title='bbox 342 1145 474 1220; x_wconf 88' lang='lat' dir='ltr'><strong>propriae</strong></span> <span class='ocrx_word' id='word_1_36' title='bbox 492 1147 651 1205; x_wconf 87' lang='lat' dir='ltr'><strong>uoluntatis</strong></span> <span class='ocrx_word' id='word_1_37' title='bbox 672 1149 701 1205; x_wconf 86' lang='lat' dir='ltr'><strong>et</strong></span> <span class='ocrx_word' id='word_1_38' title='bbox 719 1147 780 1205; x_wconf 87' lang='lat' dir='ltr'><strong>inre</strong></span> <span class='ocrx_word' id='word_1_39' title='bbox 799 1146 1002 1204; x_wconf 86' lang='lat' dir='ltr'><strong>dominationis</strong></span> <span class='ocrx_word' id='word_1_40' title='bbox 1019 1147 1162 1205; x_wconf 76' lang='lat' dir='ltr'><strong>exercuit?</strong></span> <span class='ocrx_word' id='word_1_41' title='bbox 1185 1148 1219 1204; x_wconf 86' lang='lat' dir='ltr'><strong>de</strong></span> 
     </span>
     <span class='ocr_line' id='line_1_8' title="bbox 66 1235 1255 1327; baseline -0.001 -17"><span class='ocrx_word' id='word_1_42' title='bbox 66 1270 125 1326; x_wconf 90' lang='lat' dir='ltr'><strong>quo</strong></span> <span class='ocrx_word' id='word_1_43' title='bbox 144 1255 200 1310; x_wconf 91' lang='lat' dir='ltr'><strong>sub</strong></span> <span class='ocrx_word' id='word_1_44' title='bbox 216 1251 358 1311; x_wconf 73' lang='lat' dir='ltr'><strong>trinitatis</strong></span> <span class='ocrx_word' id='word_1_45' title='bbox 375 1251 560 1310; x_wconf 91' lang='lat' dir='ltr'><strong>distinctione</strong></span> <span class='ocrx_word' id='word_1_46' title='bbox 575 1251 697 1326; x_wconf 87' lang='lat' dir='ltr'><strong>legimus</strong></span> <span class='ocrx_word' id='word_1_47' title='bbox 713 1269 763 1326; x_wconf 90' lang='lat' dir='ltr'><strong>per</strong></span> <span class='ocrx_word' id='word_1_48' title='bbox 774 1253 954 1327; x_wconf 86' lang='lat' dir='ltr'><strong>prophetam:</strong></span> <span class='ocrx_word' id='word_1_49' title='bbox 971 1235 1075 1310; x_wconf 84' lang='lat' dir='ltr'><strong>narbo</strong></span> <span class='ocrx_word' id='word_1_50' title='bbox 1092 1251 1218 1312; x_wconf 91' lang='lat' dir='ltr'><strong>domini</strong></span> <span class='ocrx_word' id='word_1_51' title='bbox 1251 1273 1255 1283; x_wconf 63' lang='lat'>¹</span> 
     </span>
     <span class='ocr_line' id='line_1_9' title="bbox 66 1355 1217 1431; baseline 0.002 -17"><span class='ocrx_word' id='word_1_52' title='bbox 66 1355 720 1431; x_wconf 69' lang='lat' dir='ltr'><strong>caelifirmatisuntetspimtnorm</strong></span> <span class='ocrx_word' id='word_1_53' title='bbox 741 1356 1217 1416; x_wconf 72' lang='lat' dir='ltr'><strong>musomnisumtuseorum.</strong></span> 
     </span>
     <span class='ocr_line' id='line_1_10' title="bbox 67 1460 1221 1537; baseline 0.002 -19"><span class='ocrx_word' id='word_1_54' title='bbox 67 1461 207 1535; x_wconf 87' lang='lat' dir='ltr'><strong>spiritu</strong></span> <span class='ocrx_word' id='word_1_55' title='bbox 219 1460 288 1520; x_wconf 92' lang='lat' dir='ltr'><strong>oris</strong></span> <span class='ocrx_word' id='word_1_56' title='bbox 301 1461 372 1521; x_wconf 79' lang='lat' dir='ltr'><strong>dixit</strong></span> <span class='ocrx_word' id='word_1_57' title='bbox 384 1461 533 1537; x_wconf 85' lang='lat' dir='ltr'><strong>propheta,</strong></span> <span class='ocrx_word' id='word_1_58' title='bbox 546 1479 604 1521; x_wconf 92' lang='lat' dir='ltr'><strong>non</strong></span> <span class='ocrx_word' id='word_1_59' title='bbox 618 1461 722 1536; x_wconf 87' lang='lat' dir='ltr'><strong>operis,</strong></span> <span class='ocrx_word' id='word_1_60' title='bbox 735 1465 767 1520; x_wconf 88' lang='lat' dir='ltr'><strong>ut</strong></span> <span class='ocrx_word' id='word_1_61' title='bbox 778 1479 841 1520; x_wconf 90' lang='lat' dir='ltr'><strong>oum</strong></span> <span class='ocrx_word' id='word_1_62' title='bbox 854 1465 997 1536; x_wconf 84' lang='lat' dir='ltr'><strong>tamquam</strong></span> <span class='ocrx_word' id='word_1_63' title='bbox 1010 1463 1044 1520; x_wconf 91' lang='lat' dir='ltr'><strong>de</strong></span> <span class='ocrx_word' id='word_1_64' title='bbox 1056 1462 1221 1521; x_wconf 86' lang='lat' dir='ltr'><strong>substantia</strong></span> 
     </span>
     <span class='ocr_line' id='line_1_11' title="bbox 68 1559 1272 1641; baseline 0.002 -17"><span class='ocrx_word' id='word_1_65' title='bbox 68 1567 167 1640; x_wconf 86' lang='lat' dir='ltr'><strong>patris</strong></span> <span class='ocrx_word' id='word_1_66' title='bbox 184 1566 299 1626; x_wconf 88' lang='lat' dir='ltr'><strong>noueris</strong></span> <span class='ocrx_word' id='word_1_67' title='bbox 311 1565 495 1640; x_wconf 75' lang='lat' dir='ltr'><strong>processisse,</strong></span> <span class='ocrx_word' id='word_1_68' title='bbox 523 1569 552 1625; x_wconf 86' lang='lat' dir='ltr'><strong>et</strong></span> <span class='ocrx_word' id='word_1_69' title='bbox 564 1567 624 1626; x_wconf 85' lang='lat' dir='ltr'><strong>ideo</strong></span> <span class='ocrx_word' id='word_1_70' title='bbox 636 1567 719 1625; x_wconf 87' lang='lat' dir='ltr'><strong>dicit:</strong></span> <span class='ocrx_word' id='word_1_71' title='bbox 736 1567 900 1640; x_wconf 61' lang='lat' dir='ltr'><strong>spiritum</strong></span> <span class='ocrx_word' id='word_1_72' title='bbox 915 1566 972 1640; x_wconf 86' lang='lat' dir='ltr'><strong>qni</strong></span> <span class='ocrx_word' id='word_1_73' title='bbox 989 1559 1025 1624; x_wconf 85' lang='lat' dir='ltr'><strong>ex</strong></span> <span class='ocrx_word' id='word_1_74' title='bbox 1038 1569 1136 1641; x_wconf 86' lang='lat' dir='ltr'><strong>patre</strong></span> <span class='ocrx_word' id='word_1_75' title='bbox 1148 1583 1218 1641; x_wconf 91' lang='lat' dir='ltr'><strong>pro·</strong></span> <span class='ocrx_word' id='word_1_76' title='bbox 1247 1586 1272 1626; x_wconf 85' lang='lat' dir='ltr'><strong>ro</strong></span> 
     </span>
     <span class='ocr_line' id='line_1_12' title="bbox 68 1670 1218 1746; baseline 0.001 -18"><span class='ocrx_word' id='word_1_77' title='bbox 68 1671 176 1730; x_wconf 82' lang='lat' dir='ltr'><strong>cedit.</strong></span> <span class='ocrx_word' id='word_1_78' title='bbox 205 1670 336 1746; x_wconf 88' lang='lat' dir='ltr'><strong>spiritu</strong></span> <span class='ocrx_word' id='word_1_79' title='bbox 353 1671 423 1730; x_wconf 90' lang='lat' dir='ltr'><strong>oris</strong></span> <span class='ocrx_word' id='word_1_80' title='bbox 439 1671 513 1730; x_wconf 88' lang='lat' dir='ltr'><strong>eius</strong></span> <span class='ocrx_word' id='word_1_81' title='bbox 529 1671 640 1732; x_wconf 89' lang='lat' dir='ltr'><strong>omnis</strong></span> <span class='ocrx_word' id='word_1_82' title='bbox 654 1671 770 1730; x_wconf 87' lang='lat' dir='ltr'><strong>uirtus</strong></span> <span class='ocrx_word' id='word_1_83' title='bbox 787 1689 913 1730; x_wconf 90' lang='lat' dir='ltr'><strong>eornm:</strong></span> <span class='ocrx_word' id='word_1_84' title='bbox 930 1671 1069 1731; x_wconf 89' lang='lat' dir='ltr'><strong>caelorum</strong></span> <span class='ocrx_word' id='word_1_85' title='bbox 1085 1671 1218 1742; x_wconf 85' lang='lat' dir='ltr'><strong>uirtutes,</strong></span> 
     </span>
    </p>

    <p class='ocr_par' dir='ltr' id='par_1_4' title="bbox 70 1775 1219 1955">
     <span class='ocr_line' id='line_1_13' title="bbox 70 1775 1219 1854; baseline 0.002 -22"><span class='ocrx_word' id='word_1_86' title='bbox 70 1775 100 1832; x_wconf 87' lang='lat' dir='ltr'><strong>id</strong></span> <span class='ocrx_word' id='word_1_87' title='bbox 117 1779 167 1834; x_wconf 87' lang='lat' dir='ltr'><strong>est</strong></span> <span class='ocrx_word' id='word_1_88' title='bbox 181 1776 309 1851; x_wconf 70' lang='lat' dir='ltr'><strong>angelos</strong></span> <span class='ocrx_word' id='word_1_89' title='bbox 327 1775 546 1854; x_wconf 79' lang='lat' dir='ltr'><strong>dominationes,</strong></span> <span class='ocrx_word' id='word_1_90' title='bbox 567 1777 685 1834; x_wconf 86' lang='lat' dir='ltr'><strong>thronos</strong></span> <span class='ocrx_word' id='word_1_91' title='bbox 701 1793 734 1834; x_wconf 94' lang='lat' dir='ltr'><strong>ac</strong></span> <span class='ocrx_word' id='word_1_92' title='bbox 749 1775 938 1851; x_wconf 85' lang='lat' dir='ltr'><strong>principatus,</strong></span> <span class='ocrx_word' id='word_1_93' title='bbox 954 1775 1029 1834; x_wconf 91' lang='lat' dir='ltr'><strong>sicut</strong></span> <span class='ocrx_word' id='word_1_94' title='bbox 1044 1793 1094 1850; x_wconf 91' lang='lat' dir='ltr'><strong>per</strong></span> <span class='ocrx_word' id='word_1_95' title='bbox 1109 1778 1219 1850; x_wconf 88' lang='lat' dir='ltr'><strong>patrem</strong></span> 
     </span>
     <span class='ocr_line' id='line_1_14' title="bbox 70 1879 1217 1955; baseline 0.003 -18"><span class='ocrx_word' id='word_1_96' title='bbox 70 1884 100 1938; x_wconf 86' lang='lat' dir='ltr'><strong>et</strong></span> <span class='ocrx_word' id='word_1_97' title='bbox 115 1879 210 1939; x_wconf 88' lang='lat' dir='ltr'><strong>filium</strong></span> <span class='ocrx_word' id='word_1_98' title='bbox 231 1880 272 1938; x_wconf 84' lang='lat' dir='ltr'><strong>ita</strong></span> <span class='ocrx_word' id='word_1_99' title='bbox 287 1879 372 1939; x_wconf 86' lang='lat' dir='ltr'><strong>etiam</strong></span> <span class='ocrx_word' id='word_1_100' title='bbox 388 1880 587 1955; x_wconf 90' lang='lat' dir='ltr'><strong>perspiritum</strong></span> <span class='ocrx_word' id='word_1_101' title='bbox 603 1883 734 1938; x_wconf 85' lang='lat' dir='ltr'><strong>sanctum</strong></span> <span class='ocrx_word' id='word_1_102' title='bbox 757 1883 866 1938; x_wconf 89' lang='lat' dir='ltr'><strong>creatos</strong></span> <span class='ocrx_word' id='word_1_103' title='bbox 882 1897 945 1938; x_wconf 89' lang='lat' dir='ltr'><strong>esse</strong></span> <span class='ocrx_word' id='word_1_104' title='bbox 961 1879 1068 1938; x_wconf 88' lang='lat' dir='ltr'><strong>ueritas</strong></span> <span class='ocrx_word' id='word_1_105' title='bbox 1084 1880 1217 1954; x_wconf 88' lang='lat' dir='ltr'><strong>loquitur.</strong></span> 
     </span>
    </p>

    <p class='ocr_par' dir='ltr' id='par_1_5' title="bbox 72 1985 1271 2582">
     <span class='ocr_line' id='line_1_15' title="bbox 116 1985 1219 2060; baseline 0 -17"><span class='ocrx_word' id='word_1_106' title='bbox 116 1985 187 2044; x_wconf 89' lang='lat' dir='ltr'><strong>Non</strong></span> <span class='ocrx_word' id='word_1_107' title='bbox 202 2001 268 2060; x_wconf 84' lang='lat' dir='ltr'><strong>orgo</strong></span> <span class='ocrx_word' id='word_1_108' title='bbox 284 1985 348 2044; x_wconf 89' lang='lat' dir='ltr'><strong>sine</strong></span> <span class='ocrx_word' id='word_1_109' title='bbox 363 1985 481 2044; x_wconf 90' lang='lat' dir='ltr'><strong>immani</strong></span> <span class='ocrx_word' id='word_1_110' title='bbox 493 1985 642 2060; x_wconf 84' lang='lat' dir='ltr'><strong>sacrilegio</strong></span> <span class='ocrx_word' id='word_1_111' title='bbox 654 1987 812 2044; x_wconf 83' lang='lat' dir='ltr'><strong>creaturam</strong></span> <span class='ocrx_word' id='word_1_112' title='bbox 825 1985 940 2055; x_wconf 69' lang='lat' dir='ltr'><strong>dicteria,</strong></span> <span class='ocrx_word' id='word_1_113' title='bbox 956 2001 1039 2058; x_wconf 87' lang='lat' dir='ltr'><strong>qoem</strong></span> <span class='ocrx_word' id='word_1_114' title='bbox 1051 1985 1139 2044; x_wconf 86' lang='lat' dir='ltr'><strong>totius</strong></span> <span class='ocrx_word' id='word_1_115' title='bbox 1155 2002 1219 2043; x_wconf 88' lang='lat' dir='ltr'><strong>cae·</strong></span> 
     </span>
     <span class='ocr_line' id='line_1_16' title="bbox 72 2088 1271 2164; baseline 0.003 -18"><span class='ocrx_word' id='word_1_116' title='bbox 72 2089 159 2147; x_wconf 86' lang='lat' dir='ltr'><strong>lestis</strong></span> <span class='ocrx_word' id='word_1_117' title='bbox 175 2089 294 2148; x_wconf 90' lang='lat' dir='ltr'><strong>militiae</strong></span> <span class='ocrx_word' id='word_1_118' title='bbox 310 2089 450 2164; x_wconf 87' lang='lat' dir='ltr'><strong>perspicis</strong></span> <span class='ocrx_word' id='word_1_119' title='bbox 462 2092 625 2148; x_wconf 88' lang='lat' dir='ltr'><strong>creatorem.</strong></span> <span class='ocrx_word' id='word_1_120' title='bbox 654 2090 809 2147; x_wconf 86' lang='lat' dir='ltr'><strong>secundum</strong></span> <span class='ocrx_word' id='word_1_121' title='bbox 824 2088 893 2148; x_wconf 86' lang='lat' dir='ltr'><strong>haec</strong></span> <span class='ocrx_word' id='word_1_122' title='bbox 905 2089 936 2147; x_wconf 89' lang='lat' dir='ltr'><strong>in</strong></span> <span class='ocrx_word' id='word_1_123' title='bbox 948 2089 1034 2147; x_wconf 89' lang='lat' dir='ltr'><strong>trium</strong></span> <span class='ocrx_word' id='word_1_124' title='bbox 1047 2089 1219 2163; x_wconf 83' lang='lat' dir='ltr'><strong>proprietate</strong></span> <span class='ocrx_word' id='word_1_125' title='bbox 1247 2111 1271 2150; x_wconf 73' lang='lat'><strong>1⁵</strong></span> 
     </span>
     <span class='ocr_line' id='line_1_17' title="bbox 72 2193 1219 2268; baseline -0.001 -17"><span class='ocrx_word' id='word_1_126' title='bbox 72 2211 105 2251; x_wconf 86' lang='lat' dir='ltr'><strong>ac</strong></span> <span class='ocrx_word' id='word_1_127' title='bbox 121 2210 243 2253; x_wconf 88' lang='lat' dir='ltr'><strong>numero</strong></span> <span class='ocrx_word' id='word_1_128' title='bbox 258 2210 443 2268; x_wconf 88' lang='lat' dir='ltr'><strong>personarum</strong></span> <span class='ocrx_word' id='word_1_129' title='bbox 456 2211 543 2252; x_wconf 87' lang='lat' dir='ltr'><strong>unam</strong></span> <span class='ocrx_word' id='word_1_130' title='bbox 555 2193 722 2268; x_wconf 82' lang='lat' dir='ltr'><strong>potentiam,</strong></span> <span class='ocrx_word' id='word_1_131' title='bbox 740 2211 826 2252; x_wconf 88' lang='lat' dir='ltr'><strong>anam</strong></span> <span class='ocrx_word' id='word_1_132' title='bbox 838 2193 966 2268; x_wconf 81' lang='lat' dir='ltr'><strong>gloriam,</strong></span> <span class='ocrx_word' id='word_1_133' title='bbox 982 2210 1070 2251; x_wconf 90' lang='lat' dir='ltr'><strong>unam</strong></span> <span class='ocrx_word' id='word_1_134' title='bbox 1081 2210 1219 2268; x_wconf 80' lang='lat' dir='ltr'><strong>cognosce</strong></span> 
     </span>
     <span class='ocr_line' id='line_1_18' title="bbox 74 2296 1218 2372; baseline -0.001 -17"><span class='ocrx_word' id='word_1_135' title='bbox 74 2301 221 2366; x_wconf 86' lang='lat' dir='ltr'><strong>naturam,</strong></span> <span class='ocrx_word' id='word_1_136' title='bbox 243 2315 279 2356; x_wconf 91' lang='lat' dir='ltr'><strong>ne</strong></span> <span class='ocrx_word' id='word_1_137' title='bbox 294 2315 357 2356; x_wconf 89' lang='lat' dir='ltr'><strong>cnm</strong></span> <span class='ocrx_word' id='word_1_138' title='bbox 373 2297 486 2357; x_wconf 86' lang='lat' dir='ltr'><strong>Iudaeis</strong></span> <span class='ocrx_word' id='word_1_139' title='bbox 507 2316 539 2356; x_wconf 93' lang='lat' dir='ltr'><strong>ac</strong></span> <span class='ocrx_word' id='word_1_140' title='bbox 555 2297 780 2372; x_wconf 88' lang='lat' dir='ltr'><strong>Patripassianis</strong></span> <span class='ocrx_word' id='word_1_141' title='bbox 796 2297 860 2356; x_wconf 90' lang='lat' dir='ltr'><strong>sine</strong></span> <span class='ocrx_word' id='word_1_142' title='bbox 875 2297 968 2356; x_wconf 86' lang='lat' dir='ltr'><strong>tribus</strong></span> <span class='ocrx_word' id='word_1_143' title='bbox 983 2296 1114 2372; x_wconf 87' lang='lat' dir='ltr'><strong>personis</strong></span> <span class='ocrx_word' id='word_1_144' title='bbox 1130 2296 1218 2356; x_wconf 84' lang='lat' dir='ltr'><strong>tilium</strong></span> 
     </span>
     <span class='ocr_line' id='line_1_19' title="bbox 73 2401 1219 2477; baseline 0.002 -18"><span class='ocrx_word' id='word_1_145' title='bbox 73 2405 123 2460; x_wconf 89' lang='lat' dir='ltr'><strong>aut</strong></span> <span class='ocrx_word' id='word_1_146' title='bbox 148 2405 281 2460; x_wconf 90' lang='lat' dir='ltr'><strong>sanctum</strong></span> <span class='ocrx_word' id='word_1_147' title='bbox 302 2402 434 2476; x_wconf 88' lang='lat' dir='ltr'><strong>spiritum</strong></span> <span class='ocrx_word' id='word_1_148' title='bbox 455 2419 543 2477; x_wconf 81' lang='lat' dir='ltr'><strong>neges</strong></span> <span class='ocrx_word' id='word_1_149' title='bbox 565 2405 615 2461; x_wconf 87' lang='lat' dir='ltr'><strong>ant</strong></span> <span class='ocrx_word' id='word_1_150' title='bbox 634 2403 697 2461; x_wconf 88' lang='lat' dir='ltr'><strong>sine</strong></span> <span class='ocrx_word' id='word_1_151' title='bbox 719 2419 776 2461; x_wconf 88' lang='lat' dir='ltr'><strong>una</strong></span> <span class='ocrx_word' id='word_1_152' title='bbox 795 2401 959 2460; x_wconf 90' lang='lat' dir='ltr'><strong>substantia</strong></span> <span class='ocrx_word' id='word_1_153' title='bbox 978 2419 1041 2460; x_wconf 87' lang='lat' dir='ltr'><strong>cum</strong></span> <span class='ocrx_word' id='word_1_154' title='bbox 1061 2401 1219 2476; x_wconf 81' lang='lat' dir='ltr'><strong>gentilibus</strong></span> 
     </span>
     <span class='ocr_line' id='line_1_20' title="bbox 73 2507 563 2582; baseline 0.008 -20"><span class='ocrx_word' id='word_1_155' title='bbox 73 2512 135 2566; x_wconf 86' lang='lat' dir='ltr'><strong>tres</strong></span> <span class='ocrx_word' id='word_1_156' title='bbox 153 2507 220 2565; x_wconf 88' lang='lat' dir='ltr'><strong>deos</strong></span> <span class='ocrx_word' id='word_1_157' title='bbox 236 2507 348 2566; x_wconf 79' lang='lat' dir='ltr'><strong>credere</strong></span> <span class='ocrx_word' id='word_1_158' title='bbox 364 2507 563 2582; x_wconf 86' lang='lat' dir='ltr'><strong>comproberis.</strong></span> 
     </span>
    </p>
   </div>
   <div class='ocr_carea' id='block_1_3' title="bbox 182 2675 741 2746">
    <p class='ocr_par' dir='ltr' id='par_1_6' title="bbox 182 2675 741 2746">
     <span class='ocr_line' id='line_1_21' title="bbox 182 2675 741 2746; baseline 0 -16"><span class='ocrx_word' id='word_1_159' title='bbox 182 2675 420 2745; x_wconf 46' lang='lat' dir='ltr'><strong>Uffimfflss</strong></span> <span class='ocrx_word' id='word_1_160' title='bbox 477 2675 741 2746; x_wconf 55' lang='lat' dir='ltr'><strong>mmmmm</strong></span> 
     </span>
    </p>
   </div>
   <div class='ocr_carea' id='block_1_4' title="bbox 121 2833 831 2904">
    <p class='ocr_par' dir='ltr' id='par_1_7' title="bbox 121 2833 831 2904">
     <span class='ocr_line' id='line_1_22' title="bbox 121 2833 831 2904; baseline 0.003 -16"><span class='ocrx_word' id='word_1_161' title='bbox 121 2833 831 2904; x_wconf 56' lang='lat' dir='ltr'><strong>mmmmwM’UfflwmmS</strong></span> 
     </span>
    </p>
   </div>
   <div class='ocr_carea' id='block_1_5' title="bbox 0 0 1503 4936">
    <p class='ocr_par' dir='ltr' id='par_1_8' title="bbox 0 0 1503 4936">
     <span class='ocr_line' id='line_1_23' title="bbox 0 0 1503 4936; baseline 0 0"><span class='ocrx_word' id='word_1_162' title='bbox 0 0 1503 4936; x_wconf 95' lang='lat' dir='ltr'><strong> </strong></span> 
     </span>
    </p>
   </div>
  </div>
 </body>
</html>
