2924 4924
267 399 332 464 224
714 400 780 457 IIII.
800 401 908 456 Sermo
928 403 950 457 l.

268 575 313 638 sio
336 576 419 640 enim
443 577 518 640 dixit
540 578 712 660 apostolus:
741 578 802 660 qui
824 577 1023 642 manducat
1046 595 1179 661 corpus
1202 578 1341 643 domini
1361 583 1390 640 et

267 678 366 744 bibit
353 681 614 764 isanguinem
642 683 720 746 eins
748 681 913 766 indigne,
944 681 1123 746 iudicium
1150 681 1224 746 sibi
1252 681 1390 746 maudu-

267 787 328 848 cat
354 789 390 848 et
416 783 523 849 bibit.
571 785 702 850 etlioet
688 789 784 851 tuos
811 786 843 849 in
866 787 951 852 omni
974 791 1113 868 tempore
1142 784 1231 852 bouis
1254 784 1387 870 operibus

267 891 391 952 ornatos
415 906 451 952 ao
478 889 654 971 splendidos
683 909 751 954 esse
774 890 948 970 conueniat,
975 890 1140 973 praecipue
1168 891 1329 955 tamenin
1350 889 1390 952 dio

229 1017 242 1056 ι
268 991 381 1056 natalis
397 992 525 1073 domini,
548 994 628 1058 siout
644 997 675 1058 et
690 995 722 1058 in
739 994 900 1078 euangelio
921 995 987 1077 ipse
1004 994 1148 1058 dominus
1164 995 1253 1059 dixit:
1277 995 1390 1059 lucore

268 1095 405 1160 debent
427 1097 600 1162 omnibus
624 1099 837 1163 hominibus
861 1117 970 1182 opera
992 1103 1130 1163 uestra.

311 1199 520 1281 Considerate,
544 1221 743 1284 quaesumus
767 1203 889 1284 fratres,
913 1203 1036 1285 quando
1053 1203 1165 1284 aliquis
1181 1202 1276 1267 bomo
1291 1205 1389 1286 potens

268 1305 318 1368 uel
341 1303 454 1369 nobilis
478 1309 532 1370 aut
555 1307 690 1370 natalem
715 1326 806 1372 suum
830 1311 885 1371 aut
907 1307 962 1371 filii
985 1307 1033 1371 sui
1056 1307 1213 1372 celebrere
1237 1307 1389 1382 desiderat,

268 1411 384 1492 quanto
400 1409 503 1474 studio
519 1414 592 1474 ante
615 1411 719 1494 plnres
736 1411 811 1490 dies,
835 1411 980 1492 quiequid
1003 1411 1035 1474 in
1051 1411 1145 1474 domu
1168 1429 1227 1476 sua
1242 1409 1389 1476 sordidum

218 1539 242 1578 ιι
267 1513 392 1594 uiderit,
431 1518 538 1578 ornate
573 1515 729 1596 mundari,
763 1515 907 1598 quicquid
945 1515 1086 1597 ineptum
1121 1519 1152 1578 et
1185 1515 1389 1598 incongruum,

267 1617 373 1700 proici,
398 1619 543 1700 quicquid
567 1619 642 1684 utile
659 1623 689 1683 et
712 1619 932 1700 necessarium,
955 1619 1106 1702 praecipit
1121 1619 1266 1684 exhiberi.
1291 1619 1389 1682 domus

268 1722 374 1802 etiam,
391 1722 418 1786 si
433 1720 566 1787 obscura
579 1723 683 1804 inerit,
705 1721 876 1804 dealbatur,
899 1723 1080 1806 pauimenta
1095 1724 1195 1807 scopis
1212 1723 1390 1788 mundantur

268 1829 299 1891 et
315 1826 446 1892 diuersis
469 1845 611 1910 respersa
633 1826 760 1892 floribus
776 1828 974 1906 adornantm,
997 1827 1143 1910 quicquid
1166 1827 1262 1892 eiiam
1277 1828 1315 1891 ad
1335 1827 1391 1890 lae·

267 1931 371 1996 titiam
394 1931 517 1995 animae
545 1934 576 1994 et
602 1932 739 2015 corporis
762 1931 939 1996 deliciarum
966 1932 1112 2014 pertinet,
1139 1931 1224 1996 omni
1252 1931 1390 1995 sollicitu-

216 2061 241 2102 ιι
268 2035 340 2100 dine
366 2035 554 2119 prouidetur.
605 2036 741 2118 utquid
769 2036 875 2100 omnia
900 2036 962 2100 ista
987 2035 1073 2116 facit,
1100 2037 1211 2100 fratres
1238 2033 1390 2111 carissimi,

268 2139 328 2204 nisi
349 2143 385 2204 ut
407 2140 471 2204 dies
495 2140 632 2204 natalicii
655 2141 703 2205 sui
726 2159 797 2203 curn
819 2140 932 2224 gaudio
955 2139 1149 2204 celebretur?
1191 2139 1285 2204 horno
1307 2137 1390 2202 mori-

268 2249 371 2324 turus,
402 2245 428 2308 si
456 2263 529 2328 ergo
557 2249 645 2308 tanta
671 2263 837 2328 praeparas
865 2245 897 2308 in
926 2245 1069 2308 natalicio
1097 2247 1150 2308 tuo
1179 2244 1229 2308 nel
1260 2243 1315 2308 filii
1341 2241 1389 2318 tui,

268 2351 384 2430 quanta
407 2353 438 2413 et
457 2349 562 2430 qualia
584 2348 678 2412 debes
701 2366 885 2431 praeparare
908 2351 1107 2431 suscepturus
1131 2349 1270 2412 natalem
1285 2344 1390 2412 domini

268 2453 335 2516 tui?
380 2452 406 2517 si
429 2453 504 2517 talia
525 2471 691 2536 praeparas
715 2453 873 2533 morituro,
901 2452 1005 2534 qualia
1026 2469 1210 2534 praeparare
1234 2451 1326 2516 debes
1348 2469 1391 2514 aa·

217 2581 242 2620 ιι
269 2559 378 2620 terno?
409 2557 554 2640 quioquid
579 2576 651 2641 ergo
675 2575 737 2621 nou
761 2557 808 2622 uis
831 2557 970 2621 inuenire
992 2557 1024 2621 in
1045 2556 1138 2621 domu
1161 2560 1226 2638 tua,
1250 2559 1390 2638 quantum

267 2665 367 2742 potes,
390 2661 507 2742 labora,
531 2665 643 2726 utnon
664 2662 803 2725 inueniat
822 2659 898 2725 dens
922 2661 954 2725 in
978 2661 1084 2724 anima
1105 2665 1167 2724 tua.
1215 2665 1297 2724 certe
1319 2659 1343 2722 si
1364 2663 1390 2720 ta

267 2784 320 2830 rex
343 2771 484 2830 terrenus
508 2769 563 2830 ant
584 2767 772 2848 quicumque
794 2765 1015 2848 paterfamilias
1042 2765 1081 2828 ad
1104 2783 1196 2829 suum
1222 2763 1389 2830 natalicium

267 2870 424 2951 iuuitaret,
447 2869 590 2952 qualibus
608 2869 803 2934 uestimentis
825 2869 966 2933 studeres
981 2873 1107 2934 ornatus
1130 2869 1285 2949 incedere,
1306 2883 1389 2950 quam

268 2975 357 3038 nouis
381 2977 412 3038 et
433 2973 540 3037 nitidis
563 2974 613 3037 uel
629 2991 724 3056 quam
747 2973 927 3056 splendidis,
950 2991 1083 3055 quorum
1106 2991 1163 3038 neo
1179 2977 1319 3038 uetustas
1342 2985 1390 3034 neo

215 3099 242 3142 ιι
267 3078 374 3142 uilitas
397 3077 501 3160 aliqua
523 3097 579 3142 seu
601 3077 732 3142 foeditas
756 3077 860 3142 oculos
883 3077 1045 3142 inuitantis
1068 3077 1246 3142 offenderet

312 3181 380 3246 Tali
403 3198 476 3266 ergo
499 3181 611 3262 studio,
642 3181 850 3264 inquantum
879 3182 1050 3264 praeuales,
1081 3181 1205 3247 Christo
1236 3181 1389 3246 auxiliante

269 3285 429 3368 contende,
453 3289 488 3351 ut
510 3285 642 3351 diuersis
666 3287 816 3351 uirtutum
833 3287 1025 3352 ornamentis
1045 3287 1150 3351 anima
1173 3291 1229 3352 ιιι
1243 3284 1390 3369 conposita

373 3425 399 3495 ι]
420 3427 432 3480 ι
452 3423 525 3480 corr.
540 3427 580 3494 ιι,
592 3427 634 3480 ao.
687 3425 715 3494 ι]
734 3424 829 3478 naath.
843 3429 868 3490 5,
882 3427 921 3480 ro.

311 3545 511 3616 ipreoipueD
563 3545 707 3614 5ιι1111ξ11)
759 3545 914 3614 euuangelio
933 3547 962 3602 D
1015 3549 1220 3614 'lquaassumns
1239 3547 1268 3602 D
1317 3549 1389 3602 8nu·

267 3630 329 3688 bilis
348 3635 391 3688 D¹
444 3631 590 3688 caelebrare
609 3635 638 3688 D
693 3635 725 3689 10
742 3633 874 3690 atomD
927 3635 956 3688 il
970 3632 1109 3702 proieciD
1164 3627 1390 3736 inpedimentum

268 3745 443 3816 mlundantur
464 3747 494 3802 D
516 3747 544 3814 (a
560 3749 640 3814 cros.)
704 3748 735 3802 13
752 3745 866 3800 lotitiam
884 3746 972 3800 anima
990 3747 1019 3801 D
1081 3748 1114 3802 14
1132 3744 1263 3800 diliauum
1281 3746 1316 3812 D,
1333 3740 1390 3796 deli·

268 3859 322 3914 cias
341 3861 412 3931 Aop
450 3862 482 3916 16
500 3815 609 3927 natalilll'lii
622 3861 652 3914 D
687 3857 892 3914 caelebretnrD
926 3857 1042 3912 bominis
1054 3857 1176 3912 morituri
1189 3860 1261 3930 Δις.
1298 3859 1390 3926 l'lpoot

267 3963 407 4018 praeparas
419 3949 518 4004 torento
530 3952 631 4002 1011
645 3948 795 4002 litterarum
807 3947 935 4002 ιιιιιιιι
948 3946 977 4000 D
1021 3945 1144 4000 natatilio
1157 3946 1186 4000 D
1229 3950 1260 4002 19
1272 3940 1391 3999 etarnol)

268 4061 302 4116 20
325 4059 454 4130 quidquid
477 4061 507 4116 D
563 4075 610 4128 ago
633 4059 663 4115 D
720 4059 800 4113 domu
824 4059 853 4114 D
914 4059 945 4114 21
969 4061 1058 4128 potest
1080 4059 1109 4114 D
1170 4061 1205 4114 22
1226 4053 1392 4113 nataliuml)

269 4175 302 4230 23
320 4171 512 4242 st(udore{lD
510 4175 620 4240 seror.)
673 4175 779 4226 ornatos
797 4173 826 4228 D
878 4171 1014 4225 incaedua
1033 4173 1062 4226 D
1119 4173 1152 4228 24
1171 4171 1294 4242 nouis]
1278 4189 1294 4225 ιι
1310 4165 1392 4222 nial)

268 4275 301 4314 ne
319 4263 393 4328 (acto
410 4262 540 4328 uetustas)
558 4261 588 4314 D
639 4263 673 4316 25
691 4259 781 4328 aliqua
798 4258 1185 4330 amioeditascrbibctdop.
1239 4262 1273 4314 26
1289 4253 1392 4311 taliaD

268 4349 301 4408 27
321 4347 488 4420 compossita
506 4349 536 4403 D
