2920 4928
239 429 292 484 XII
683 429 924 496 Prolegomens.

285 603 428 668 haustus
445 627 483 667 en
498 603 613 667 abbate
628 603 813 667 Lerinensis
829 604 1020 666 monasterii
1035 601 1127 687 apud
1142 603 1279 688 Beqium
1298 601 1381 666 Gal·

240 705 304 772 liae
327 708 507 794 episcopus,
531 708 589 770 nir
612 707 647 769 in
672 707 799 770 diuinis
821 706 1000 793 scripturis
1023 707 1105 769 satis
1129 707 1282 784 intentus,

284 813 333 898 (1)
348 835 386 876 en
399 812 575 876 traditione
587 810 724 898 symboli
739 811 900 875 occasione
917 820 1047 896 accepta
1062 811 1238 896 composuit
1252 808 1382 873 librum

240 915 277 981 de
300 917 425 1002 spiritu
451 925 571 1000 sancto,
599 917 635 980 in
663 937 723 1002 quo
747 916 885 979 ostendit
908 938 978 978 eum
1001 916 1098 979 iunia
1118 913 1217 997 fldem
1236 923 1381 999 patrum

239 1031 268 1084 et
286 1020 589 1085 consubstantialem
610 1031 639 1084 et
654 1019 883 1084 consternabant
899 1042 962 1083 csse
980 1019 1075 1106 patri
1091 1028 1119 1082 et
1127 1017 1203 1100 filio
1220 1040 1258 1081 ac
1269 1017 1383 1104 pleni-

241 1125 386 1189 tudinem
409 1126 572 1189 trinitatis
595 1125 793 1188 obtinentem.

286 1231 335 1316 (2)
361 1229 465 1293 edidit
487 1253 608 1315 qnoque
632 1251 713 1316 opus
741 1230 900 1315 eqreqium
928 1229 966 1292 de
992 1229 1103 1316 qratia
1133 1227 1195 1306 dei,
1223 1249 1288 1312 qua
1311 1228 1382 1290 sat-

240 1357 371 1418 uamnr,
400 1335 435 1397 in
463 1355 524 1420 quo
552 1356 647 1420 opere
676 1333 763 1397 docet
791 1333 933 1419 qratiam
958 1332 1010 1395 dei
1032 1354 1154 1418 semper
1177 1341 1205 1395 et
1228 1332 1383 1395 inuitare

240 1450 268 1502 et
287 1439 480 1524 praecedere
508 1449 537 1502 et
559 1438 726 1501 adiuuare
754 1437 957 1502 uoluntatem
984 1447 1127 1500 nostram
1155 1447 1191 1518 et,
1220 1437 1385 1522 quicquid

240 1544 315 1628 ipsa
344 1542 479 1605 libertas
506 1541 645 1605 arbitrii
670 1565 735 1628 pro
767 1540 875 1604 labore
902 1541 961 1626 pio
991 1541 1144 1604 mercedis
1175 1541 1383 1626 acquisierit,

239 1669 302 1710 non
327 1669 390 1710 esse
410 1647 586 1733 proprium
609 1648 769 1725 meritum,
792 1645 849 1710 sed
869 1646 997 1732 qratiae
1021 1646 1148 1709 dorsum.

286 1753 336 1837 (3)
364 1751 425 1837 leqi
444 1751 515 1814 eius
535 1762 564 1814 et
584 1751 745 1814 aduersus
761 1749 904 1813 Arianos
919 1761 947 1812 et
963 1750 1215 1813 Macedonianos
1227 1772 1384 1834 paruum

243 1855 399 1935 libellum,
423 1855 459 1918 in
482 1877 543 1941 quo
566 1853 802 1918 coessentialem
824 1854 999 1940 praedicat
1022 1855 1210 1934 trinitatem,

286 1961 337 2046 (4)
366 1969 395 2022 et
422 1959 526 2022 alium
554 1960 715 2023 aduersus
743 1982 802 2042 eos,
831 1959 889 2045 qui
918 1958 1030 2022 dicunt
1058 1981 1122 2021 esse
1149 1959 1185 2020 in
1213 1960 1385 2022 orereturis

241 2063 373 2149 aliquid
393 2065 629 2150 incorporeum,
653 2065 687 2126 in
708 2087 769 2149 quo
790 2075 818 2127 st
839 2064 966 2126 diuinis
988 2063 1177 2126 testimoniis
1193 2073 1221 2125 et
1237 2073 1385 2146 patrum

241 2169 407 2252 cornfirmat
416 2169 581 2232 sententiis
593 2167 681 2232 nibil
692 2168 886 2231 credendum
897 2169 1118 2254 incorpoream
1128 2177 1262 2252 praeter
1274 2167 1386 2231 deum.

287 2275 334 2358 (li)
369 2283 413 2338 est
444 2283 472 2336 et
500 2273 570 2336 eius
597 2272 740 2359 epistula
768 2274 804 2336 in
831 2273 958 2336 modam
992 2271 1098 2334 libelli
1129 2271 1173 2334 ad
1204 2271 1386 2335 diaconum

241 2377 399 2464 quendam
425 2375 586 2441 Graecum
608 2378 733 2440 nomine
756 2377 855 2454 edita,
885 2378 942 2462 qni
965 2401 985 2439 a
1001 2375 1069 2459 fide
1093 2375 1252 2438 catholica
1277 2376 1389 2440 disce-

243 2483 318 2546 dens
342 2483 387 2545 ad
411 2481 640 2545 Nestorianam
663 2481 746 2544 abiit
769 2483 976 2568 impietatem,
1004 2481 1039 2542 in
1063 2503 1126 2565 qna
1154 2478 1299 2565 epistula
1325 2483 1389 2544 ad-

242 2597 344 2650 monet
368 2609 438 2649 eum
461 2587 590 2650 credere
613 2597 756 2650 sanctam
779 2587 924 2649 Mariam
948 2585 1110 2670 uirqinem
1132 2607 1195 2646 non
1219 2585 1387 2650 bominem

238 2714 363 2778 purum
382 2691 538 2778 qenuisse,
562 2692 619 2777 qui
635 2701 749 2777 postea
768 2691 946 2776 susciperet
968 2689 1185 2765 diuinitatem,
1209 2687 1264 2750 sed
1285 2689 1388 2754 eleum

243 2819 358 2860 uerum
381 2797 417 2859 in
440 2795 564 2859 bomine
586 2817 676 2860 uero.

286 2911 361 2965 snm
388 2922 466 2964 uero
494 2910 522 2962 et
549 2899 620 2962 alia
647 2901 717 2964 eins
745 2899 880 2985 scripta,
912 2921 1003 2984 qaae,
1034 2899 1113 2983 quia
1141 2897 1276 2959 iserdum
1306 2897 1390 2986 leyi,

243 3007 409 3068 rioniinare
424 3004 527 3068 nolui.
561 3005 646 3067 uiua
668 3016 771 3068 tannen
790 3026 866 3067 uoce
886 3004 1030 3089 eqroqius
1051 3002 1161 3065 doctor
1181 3012 1209 3064 et
1230 3003 1392 3069 creditur

245 3121 273 3174 et
291 3109 465 3195 probatur.

289 3214 338 3298 (6)
363 3213 496 3298 scripsit
515 3223 629 3299 postea
651 3223 679 3274 et
702 3212 747 3275 ad
771 3211 906 3274 Felicem
933 3209 1138 3296 praefectum
1162 3213 1334 3295 praetorii
1361 3227 1393 3278 et

240 3318 406 3404 patriciae
431 3316 603 3402 diqnitatis
625 3317 748 3394 uirum,
764 3315 877 3398 filium
901 3315 1017 3401 Maqni
1038 3314 1191 3391 consulis,
1214 3315 1279 3376 iam
1305 3318 1393 3381 reli-

244 3422 365 3507 qiosam
387 3421 562 3506 epistulam
584 3421 629 3483 ad
652 3421 798 3484 timorem
820 3419 872 3481 dei
895 3419 1118 3496 hortatoriam,
1142 3419 1391 3486 conuenientem

242 3547 401 3612 personae
419 3525 518 3612 pleno
540 3526 648 3588 animo
670 3525 901 3609 paenitentiam
924 3546 1016 3609 aqere
1040 3523 1232 3610 disponenti.

348 3631 478 3696 Librum
502 3631 543 3695 de
567 3631 705 3714 spiritu
729 3635 860 3695 sancto
884 3648 901 3694 s
924 3629 1084 3694 Gennadio
1105 3631 1205 3711 primo
1225 3629 1292 3694 loco
1314 3632 1395 3698 lau-

246 3736 351 3800 datum
383 3741 502 3800 exstare
533 3736 688 3818 scriptoris
719 3739 843 3800 tantum
875 3734 1000 3798 nomine
1031 3735 1062 3798 in
1097 3734 1184 3798 libris
1219 3735 1394 3816 impressis

246 3842 324 3906 salso
348 3841 466 3904 adiecto
489 3840 580 3904 hodie
603 3840 684 3903 inter
707 3857 815 3903 omnes
839 3843 970 3903 constat.
1008 3838 1104 3902 libros
1132 3838 1215 3901 enim
1242 3838 1322 3902 duos
1352 3844 1395 3906 de

246 3945 354 4028 spiritu
386 3949 492 4008 sancto
523 3963 621 4026 usquc
652 3943 752 4007 adhue
782 3943 943 4006 Paschasii
974 3943 1094 4006 diaconi
1124 3942 1249 4006 nominc
1281 3944 1395 4012 editas

247 4049 353 4112 Fausti
376 4067 445 4112 esse
468 4047 580 4112 codicis
602 4047 710 4130 optimi
734 4047 900 4111 auctoritas
924 4051 955 4110 et
971 4045 1133 4126 Gennadii,
1157 4045 1272 4110 Seduiii
1288 4045 1397 4132 Semi,

246 4153 408 4217 'trithemii
436 4152 551 4216 diserta
578 4151 758 4230 testimonia
784 4168 845 4214 non
874 4151 973 4233 magis
1000 4150 1135 4232 probant
1157 4167 1251 4231 quam
1276 4150 1395 4232 ipsum

247 4257 367 4320 dicendi
395 4274 494 4339 genus
522 4256 552 4318 in
580 4256 618 4319 iis
646 4255 797 4318 usitatum
826 4273 896 4318 cum
920 4256 950 4318 in
975 4255 1156 4318 uniuersum
1180 4254 1288 4317 Fausti
1320 4277 1398 4324 ser-

247 4379 371 4424 monem
394 4363 631 4443 repraesentans
655 4363 723 4423 tum
747 4360 885 4443 singulas
909 4377 1000 4422 uoces
1025 4363 1056 4422 ot
1079 4358 1249 4422 sententias
1271 4357 1397 4432 Fausti
