2920 4928
245 413 359 468 LXVIII
690 413 930 482 Prolegomena.

245 599 365 652 menter
398 588 530 674 optadi,
566 597 603 650 ut
636 587 682 650 ad
711 589 927 651 oecmsitatcm
956 588 1065 664 istam,
1101 609 1181 672 quac
1216 587 1269 650 tic
1299 587 1374 672 (scd.

245 695 385 775 Tolosae,
409 696 447 758 ol.
465 715 495 778 p.
512 691 623 774 447,4
645 715 709 755 aon
727 693 827 779 petae
850 714 903 779 epo
923 715 944 754 a
963 691 1078 756 Tolosa
1101 691 1300 777 reuerterer)
1324 713 1375 754 noo

244 797 400 875 cediderit,
424 797 581 861 coniectis
597 802 629 862 et
645 796 688 880 (p.
705 796 779 878 446,
796 796 866 880 33);
889 805 1098 881 posteaquam
1112 817 1159 858 mc
1170 795 1376 882 praesentiae

243 913 372 965 uestrae
401 923 472 986 spos
495 901 671 988 frustrata
698 911 752 964 est.
791 903 839 966 oui
865 903 1031 984 respondet
1053 902 1194 966 Ruricius
1218 921 1265 984 ep.
1284 902 1315 965 II
1337 899 1376 963 35

244 1008 396 1071 diuersam
422 1006 632 1071 membrorum
656 1005 870 1071 infirmitatem
893 1007 1046 1071 restitisse
1070 1011 1101 1070 et
1124 1007 1277 1070 tenuitate
1299 1005 1376 1070 eresi

243 1111 390 1194 corporis,
414 1111 495 1193 quod
511 1111 569 1176 duo
590 1112 684 1193 pedes
707 1130 780 1194 prae
804 1112 973 1176 detectione
997 1112 1152 1176 sustinere
1175 1111 1224 1174 uir
1240 1114 1375 1193 possent,

243 1216 427 1299 impeditum
455 1235 488 1279 se
512 1235 589 1295 esse,
617 1216 782 1297 quominus
810 1216 849 1279 ad
872 1216 1024 1298 synodum
1047 1216 1222 1279 condictam
1248 1215 1375 1279 ueniret.

287 1320 379 1384 Anno
402 1321 522 1384 concilii
537 1321 682 1384 Tolosani
706 1321 732 1384 si
755 1339 880 1404 corpore
901 1321 977 1384 adeo
993 1321 1128 1384 inualido
1145 1323 1212 1384 erat
1226 1319 1375 1396 Ruricius,

243 1443 305 1488 non
329 1425 426 1489 multo
449 1429 519 1507 post
542 1444 614 1488 eum
641 1425 724 1488 diem
752 1444 931 1507 supremum
961 1425 1074 1488 obiisse
1098 1426 1162 1488 ueri
1186 1424 1289 1488 simile
1313 1441 1375 1486 esse

243 1548 314 1592 cum
330 1529 484 1593 Kruschio
508 1529 683 1594 statuimus.
719 1548 755 1592 er
779 1529 944 1612 epitaphio,
968 1529 1049 1611 quod
1072 1530 1246 1612 composuit
1270 1528 1375 1592 Fortu-

242 1637 334 1697 natus
358 1633 479 1697 Ruricio
503 1634 630 1715 eiusque
654 1634 758 1715 nepoti
782 1633 907 1698 Ruricio
929 1633 1039 1696 iuniori
1062 1633 1136 1696 item
1161 1633 1304 1715 episcopo
1321 1631 1376 1694 Ie-

243 1737 423 1817 mouicensi,
447 1738 606 1802 Ruricium
630 1741 770 1802 nostrum
794 1739 957 1801 ecclesiam
980 1757 1005 1800 s.
1021 1737 1192 1820 Augustini
1215 1737 1247 1799 in
1268 1736 1375 1799 Lemo-

242 1843 347 1905 uicum
370 1841 446 1905 urbe
469 1841 649 1906 aedificasse
672 1843 880 1924 comperimus
904 1841 1194 1925 (Fort.carm.ulIlI
1216 1839 1334 1924 5,11):

345 2007 482 2084 tempore
505 1997 638 2082 quisque
660 2019 718 2060 sao
735 1996 890 2082 fundano
911 1997 974 2082 pia
998 1995 1117 2081 templa
1136 1995 1276 2082 patroni

396 2102 455 2164 iate
478 2099 658 2187 Augustini
680 2100 828 2164 condidit
850 2099 909 2164 ille
931 2101 1030 2164 Petri.

240 2259 311 2322 inde
334 2259 386 2322 lur
414 2259 542 2323 affertur
569 2261 720 2342 epistulae
744 2259 851 2340 1164,
879 2261 910 2324 in
934 2277 996 2343 qua
1018 2260 1234 2324 columnarum
1260 2258 1374 2322 mentio

241 2363 289 2442 fit,
321 2381 397 2444 quas
430 2363 538 2428 Clarus
570 2365 732 2446 episcopus
763 2363 1057 2428 subministraturus
1089 2367 1155 2427 erat
1185 2363 1308 2428 Ruricio
1338 2361 1374 2424 ad

240 2468 322 2531 illius
346 2468 494 2532 ecclesiae
519 2469 761 2532 exstructionem
785 2469 986 2532 necessarias.

283 2571 395 2636 Restat
417 2575 453 2635 ut
475 2572 513 2634 de
537 2572 580 2634 eis
604 2589 703 2654 pauca
726 2571 823 2636 uerba
846 2572 1009 2651 faciamus,
1034 2572 1086 2653 qui
1109 2570 1302 2655 cognationis
1327 2569 1374 2632 nel

241 2673 402 2740 affinitatis
425 2676 551 2740 uinculo
574 2693 646 2738 cnm
662 2676 785 2740 Ruricio
808 2676 905 2740 iuncti
929 2679 1026 2740 erant.
1066 2693 1102 2739 ac
1124 2675 1289 2754 uelocia,
1312 2673 1374 2736 lilia

240 2778 387 2843 Ommatii
421 2779 567 2860 Aruerni,
601 2780 718 2844 Ruricii
752 2799 845 2845 uxore
879 2798 974 2863 supra
1007 2779 1070 2844 iam
1104 2777 1202 2843 uerba
1234 2779 1373 2842 fecimus.

238 2884 353 2948 liberos
377 2901 414 2947 ea
437 2903 472 2947 er
495 2884 619 2948 Ruricio
642 2885 770 2968 peperit,
799 2885 899 2966 quoad
922 2885 1058 2948 sciamus
1082 2891 1128 2948 ex'
1146 2883 1287 2966 epistulis
1311 2882 1373 2945 Ru·

238 2989 372 3068 ricianis,
396 2987 599 3068 Ommatium,
623 2989 820 3071 liparchium,
838 2988 1068 3068 Constantium,
1084 2986 1259 3066 Leontium,
1274 2985 1373 3050 Aure-

238 3093 357 3156 lianum
380 3091 547 3174 filiamque,
571 3111 650 3174 quae
675 3093 780 3174 nupsit
801 3091 975 3176 Agricolae.
1015 3096 1107 3174 atque
1127 3091 1312 3170 Ommatius,
1337 3089 1374 3152 ed

238 3215 331 3278 quem
359 3197 444 3283 dedit
466 3197 609 3260 Ruricius
633 3197 784 3280 epistulas
808 3197 823 3260 I
849 3195 887 3259 18
912 3201 942 3260 et
964 3197 996 3260 11
1019 3194 1071 3277 28,
1099 3215 1254 3278 quemque
1276 3203 1374 3280 pater

239 3299 374 3377 erudiit,
397 3299 554 3376 nutriuit,
578 3299 623 3362 ad
637 3299 856 3364 sacerdotium
870 3321 970 3385 osque
984 3299 1144 3385 perducit
1160 3299 1202 3382 (p.
1219 3297 1292 3378 412,
1306 3297 1373 3380 21),

237 3405 269 3468 in
300 3405 431 3469 dioecesi
454 3404 598 3468 Aruerno
627 3405 713 3486 uiuit,
745 3405 826 3469 unde
855 3425 927 3469 eum
955 3404 1162 3469 ‘senatoribus
1190 3403 1372 3484 ciuibusque

237 3508 398 3573 Aruernis*
414 3509 541 3573 ascribit
552 3508 720 3593 Gregorius
733 3509 922 3574 Turonensis
939 3509 1025 3592 (hist.
1039 3509 1087 3573 Fr.
1100 3509 1130 3572 X
1145 3507 1211 3592 31),
1224 3511 1255 3572 et
1265 3511 1373 3590 postea

238 3613 400 3695 episcopus
428 3613 617 3696 Turonensis
645 3613 748 3678 tactus
776 3617 833 3677 est.
873 3614 951 3677 alter
978 3612 1060 3677 filius
1082 3612 1253 3696 llparchius
1275 3629 1371 3692 aeque

237 3721 331 3799 atque
354 3716 532 3782 Ommatius
564 3719 772 3782 sacerdotium
803 3721 913 3782 nactus
941 3717 1091 3782 Aruernis
1123 3717 1161 3782 ab
1191 3717 1372 3800 Aprunculo

238 3823 379 3905 episcopo
403 3839 458 3886 sno
483 3841 501 3885 a
524 3825 623 3885 matra
646 3821 726 3904 (scil.
744 3821 887 3904 ccclesia)
912 3823 1054 3886 exclusus
1079 3825 1145 3886 erat
1167 3820 1211 3904 (p.
1227 3817 1299 3900 438,
1316 3817 1371 3899 22)

237 3930 267 3990 et
282 3942 345 3989 una
360 3944 431 3989 oum
449 3925 605 3990 Ommatio
621 3926 741 3990 litteras
758 3927 844 3990 misit
858 3927 897 3990 ad
912 3930 1035 4010 patrem
1052 3925 1095 4008 (p.
1107 3923 1181 4005 437,
1195 3923 1224 3990 9.
1241 3921 1313 4004 438,
1330 3923 1371 4006 1),

237 4033 272 4093 ut
301 4018 335 4093 is
359 4029 545 4094 Intercessor
576 4029 737 4095 exsisteret
767 4031 849 4112 apud
879 4031 1105 4114 Aprunculum.
1149 4030 1258 4094 tertius
1288 4027 1371 4091 filius

237 4133 446 4214 Constantius,
463 4133 502 4197 ad
518 4152 611 4216 quem
627 4133 712 4198 dedit
726 4135 871 4199 Ruricius
888 4135 1054 4217 epistulam
1070 4135 1102 4198 Π
1118 4132 1160 4197 24
1179 4133 1226 4212 (et
1240 4134 1371 4197 fortusse

236 4257 282 4321 ep.
300 4238 331 4302 Π
354 4236 421 4322 43),
450 4234 576 4300 Baccho
607 4247 636 4302 ct
661 4237 857 4324 puellarum
879 4237 985 4302 choris
1009 4237 1139 4302 deditas
1167 4237 1209 4322 (p.
1226 4235 1298 4318 409,
1315 4233 1371 4320 22)

235 4340 379 4407 Gurdone
403 4343 535 4407 tortasse
559 4343 653 4427 degit,
675 4345 756 4426 quod
772 4344 886 4410 Briuae
909 4345 1043 4410 crastino
1063 4343 1234 4427 temporius
1249 4341 1370 4408 Ruricio
