<?xml version="1.0" encoding="UTF-8"?>
<!DOCTYPE html PUBLIC "-//W3C//DTD XHTML 1.0 Transitional//EN"
    "http://www.w3.org/TR/xhtml1/DTD/xhtml1-transitional.dtd">
<html xmlns="http://www.w3.org/1999/xhtml" xml:lang="en" lang="en">
 <head>
  <title>
</title>
<meta http-equiv="Content-Type" content="text/html;charset=utf-8" />
  <meta name='ocr-system' content='tesseract 3.04.00' />
  <meta name='ocr-capabilities' content='ocr_page ocr_carea ocr_par ocr_line ocrx_word'/>
</head>
<body>
  <div class='ocr_page' id='page_1' title='image "./praetersermones00fausgoog/praetersermones00fausgoog_0224.png"; bbox 0 0 2886 4928; ppageno 0'>
   <div class='ocr_carea' id='block_1_1' title="bbox 225 350 976 420">
    <p class='ocr_par' dir='ltr' id='par_1_1' title="bbox 225 350 976 420">
     <span class='ocr_line' id='line_1_1' title="bbox 225 350 976 420; baseline -0.016 -6"><span class='ocrx_word' id='word_1_1' title='bbox 225 352 286 416; x_wconf 84' lang='lat'>136</span> <span class='ocrx_word' id='word_1_2' title='bbox 606 351 640 404; x_wconf 90' lang='grc' dir='ltr'>Π.</span> <span class='ocrx_word' id='word_1_3' title='bbox 660 351 704 403; x_wconf 91' lang='lat' dir='ltr'>De</span> <span class='ocrx_word' id='word_1_4' title='bbox 723 350 843 420; x_wconf 87' lang='lat' dir='ltr'>spiritu</span> <span class='ocrx_word' id='word_1_5' title='bbox 862 354 976 403; x_wconf 86' lang='lat' dir='ltr'>sancto</span> 
     </span>
    </p>
   </div>
   <div class='ocr_carea' id='block_1_2' title="bbox 169 527 1371 3328">
    <p class='ocr_par' dir='ltr' id='par_1_2' title="bbox 169 527 1371 3328">
     <span class='ocr_line' id='line_1_2' title="bbox 222 527 1357 610; baseline -0.001 -19"><span class='ocrx_word' id='word_1_6' title='bbox 222 529 328 610; x_wconf 90' lang='lat' dir='ltr'>itaque</span> <span class='ocrx_word' id='word_1_7' title='bbox 359 547 430 591; x_wconf 89' lang='lat' dir='ltr'>oum</span> <span class='ocrx_word' id='word_1_8' title='bbox 459 527 536 592; x_wconf 88' lang='lat' dir='ltr'>haec</span> <span class='ocrx_word' id='word_1_9' title='bbox 567 527 702 591; x_wconf 80' lang='lat' dir='ltr'>adsertio</span> <span class='ocrx_word' id='word_1_10' title='bbox 732 531 787 591; x_wconf 92' lang='lat' dir='ltr'>tua</span> <span class='ocrx_word' id='word_1_11' title='bbox 816 527 855 590; x_wconf 90' lang='lat' dir='ltr'>ad</span> <span class='ocrx_word' id='word_1_12' title='bbox 892 527 1078 592; x_wconf 89' lang='lat' dir='ltr'>catholicum</span> <span class='ocrx_word' id='word_1_13' title='bbox 1112 547 1253 609; x_wconf 89' lang='lat' dir='ltr'>sensum,</span> <span class='ocrx_word' id='word_1_14' title='bbox 1289 546 1357 591; x_wconf 90' lang='lat' dir='ltr'>curu</span> 
     </span>
     <span class='ocr_line' id='line_1_3' title="bbox 222 631 1357 716; baseline -0.001 -20"><span class='ocrx_word' id='word_1_15' title='bbox 222 633 347 697; x_wconf 91' lang='lat' dir='ltr'>omnino</span> <span class='ocrx_word' id='word_1_16' title='bbox 363 631 402 695; x_wconf 91' lang='lat' dir='ltr'>ad</span> <span class='ocrx_word' id='word_1_17' title='bbox 414 631 627 697; x_wconf 84' lang='lat' dir='ltr'>Christianum</span> <span class='ocrx_word' id='word_1_18' title='bbox 644 649 705 696; x_wconf 87' lang='lat' dir='ltr'>uon</span> <span class='ocrx_word' id='word_1_19' title='bbox 721 632 875 714; x_wconf 77' lang='lat' dir='ltr'>pertineat</span> <span class='ocrx_word' id='word_1_20' title='bbox 890 631 1079 712; x_wconf 87' lang='lat' dir='ltr'>institutum,</span> <span class='ocrx_word' id='word_1_21' title='bbox 1096 631 1210 697; x_wconf 90' lang='lat' dir='ltr'>diahoh</span> <span class='ocrx_word' id='word_1_22' title='bbox 1226 650 1357 716; x_wconf 80' lang='lat' dir='ltr'>agnosce</span> 
     </span>
     <span class='ocr_line' id='line_1_4' title="bbox 222 735 1358 820; baseline 0 -20"><span class='ocrx_word' id='word_1_23' title='bbox 222 740 444 816; x_wconf 90' lang='lat' dir='ltr'>commentum,</span> <span class='ocrx_word' id='word_1_24' title='bbox 475 736 526 818; x_wconf 91' lang='lat' dir='ltr'>qui</span> <span class='ocrx_word' id='word_1_25' title='bbox 555 736 676 800; x_wconf 88' lang='lat' dir='ltr'>animae</span> <span class='ocrx_word' id='word_1_26' title='bbox 705 735 842 816; x_wconf 93' lang='lat' dir='ltr'>domum,</span> <span class='ocrx_word' id='word_1_27' title='bbox 874 735 928 800; x_wconf 90' lang='lat' dir='ltr'>uhi</span> <span class='ocrx_word' id='word_1_28' title='bbox 955 739 1063 801; x_wconf 88' lang='lat' dir='ltr'>sancto</span> <span class='ocrx_word' id='word_1_29' title='bbox 1091 737 1202 820; x_wconf 89' lang='lat' dir='ltr'>spiritu</span> <span class='ocrx_word' id='word_1_30' title='bbox 1225 755 1358 801; x_wconf 88' lang='lat' dir='ltr'>uacuam</span> 
     </span>
     <span class='ocr_line' id='line_1_5' title="bbox 221 840 1358 923; baseline 0 -19"><span class='ocrx_word' id='word_1_31' title='bbox 221 842 344 921; x_wconf 87' lang='lat' dir='ltr'>uiderit,</span> <span class='ocrx_word' id='word_1_32' title='bbox 376 841 465 922; x_wconf 83' lang='lat' dir='ltr'>quasi</span> <span class='ocrx_word' id='word_1_33' title='bbox 492 841 666 905; x_wconf 89' lang='lat' dir='ltr'>contrarius</span> <span class='ocrx_word' id='word_1_34' title='bbox 691 840 818 922; x_wconf 88' lang='lat' dir='ltr'>spiritus</span> <span class='ocrx_word' id='word_1_35' title='bbox 842 858 913 904; x_wconf 89' lang='lat' dir='ltr'>cnm</span> <span class='ocrx_word' id='word_1_36' title='bbox 937 840 1003 904; x_wconf 93' lang='lat' dir='ltr'>diro</span> <span class='ocrx_word' id='word_1_37' title='bbox 1026 841 1177 905; x_wconf 85' lang='lat' dir='ltr'>comitatu</span> <span class='ocrx_word' id='word_1_38' title='bbox 1205 841 1358 923; x_wconf 82' lang='lat' dir='ltr'>nequitiae</span> 
     </span>
     <span class='ocr_line' id='line_1_6' title="bbox 182 939 1358 1030; baseline -0.005 -16"><span class='ocrx_word' id='word_1_39' title='bbox 182 976 195 1014; x_wconf 77' lang='grc'><strong>1</strong></span> <span class='ocrx_word' id='word_1_40' title='bbox 223 945 413 1030; x_wconf 84' lang='lat' dir='ltr'>septiformis</span> <span class='ocrx_word' id='word_1_41' title='bbox 435 939 564 1009; x_wconf 89' lang='lat' dir='ltr'>inuadit.</span> <span class='ocrx_word' id='word_1_42' title='bbox 600 945 653 1026; x_wconf 91' lang='lat' dir='ltr'>qui</span> <span class='ocrx_word' id='word_1_43' title='bbox 677 945 760 1010; x_wconf 91' lang='lat' dir='ltr'>enim</span> <span class='ocrx_word' id='word_1_44' title='bbox 783 945 873 1008; x_wconf 91' lang='lat' dir='ltr'>illum</span> <span class='ocrx_word' id='word_1_45' title='bbox 897 945 1043 1026; x_wconf 90' lang='lat' dir='ltr'>excludit,</span> <span class='ocrx_word' id='word_1_46' title='bbox 1066 945 1149 1010; x_wconf 91' lang='lat' dir='ltr'>huuc</span> <span class='ocrx_word' id='word_1_47' title='bbox 1172 946 1292 1028; x_wconf 90' lang='lat' dir='ltr'>recipit.</span> <span class='ocrx_word' id='word_1_48' title='bbox 1329 947 1358 1008; x_wconf 93' lang='lat' dir='ltr'>in</span> 
     </span>
     <span class='ocr_line' id='line_1_7' title="bbox 221 1049 1358 1131; baseline 0 -17"><span class='ocrx_word' id='word_1_49' title='bbox 221 1051 273 1114; x_wconf 92' lang='lat' dir='ltr'>illo</span> <span class='ocrx_word' id='word_1_50' title='bbox 298 1051 358 1114; x_wconf 84' lang='lat' dir='ltr'>fuit</span> <span class='ocrx_word' id='word_1_51' title='bbox 380 1050 449 1130; x_wconf 87' lang='lat' dir='ltr'>ista,</span> <span class='ocrx_word' id='word_1_52' title='bbox 473 1067 569 1131; x_wconf 88' lang='lat' dir='ltr'>quam</span> <span class='ocrx_word' id='word_1_53' title='bbox 593 1049 898 1129; x_wconf 20' lang='lat' dir='ltr'>dicissexcelleutior</span> <span class='ocrx_word' id='word_1_54' title='bbox 922 1053 1073 1128; x_wconf 88' lang='lat' dir='ltr'>creatura,</span> <span class='ocrx_word' id='word_1_55' title='bbox 1103 1050 1209 1131; x_wconf 91' lang='lat' dir='ltr'>quiin</span> <span class='ocrx_word' id='word_1_56' title='bbox 1233 1051 1358 1114; x_wconf 88' lang='lat' dir='ltr'>caelesti</span> 
     </span>
     <span class='ocr_line' id='line_1_8' title="bbox 222 1153 1358 1237; baseline -0.001 -20"><span class='ocrx_word' id='word_1_57' title='bbox 222 1154 364 1222; x_wconf 88' lang='lat' dir='ltr'>claritate</span> <span class='ocrx_word' id='word_1_58' title='bbox 387 1154 597 1237; x_wconf 69' lang='lat' dir='ltr'>praefulgens</span> <span class='ocrx_word' id='word_1_59' title='bbox 621 1155 759 1218; x_wconf 88' lang='lat' dir='ltr'>muneris</span> <span class='ocrx_word' id='word_1_60' title='bbox 776 1154 929 1234; x_wconf 88' lang='lat' dir='ltr'>conscius,</span> <span class='ocrx_word' id='word_1_61' title='bbox 954 1154 1086 1218; x_wconf 89' lang='lat' dir='ltr'>auctoris</span> <span class='ocrx_word' id='word_1_62' title='bbox 1103 1154 1230 1237; x_wconf 89' lang='lat' dir='ltr'>ignarus</span> <span class='ocrx_word' id='word_1_63' title='bbox 1248 1153 1358 1218; x_wconf 82' lang='lat' dir='ltr'>hahere</span> 
     </span>
     <span class='ocr_line' id='line_1_9' title="bbox 223 1259 1358 1342; baseline -0.001 -19"><span class='ocrx_word' id='word_1_64' title='bbox 223 1279 256 1323; x_wconf 92' lang='lat' dir='ltr'>se</span> <span class='ocrx_word' id='word_1_65' title='bbox 279 1259 367 1339; x_wconf 92' lang='lat' dir='ltr'>uidit,</span> <span class='ocrx_word' id='word_1_66' title='bbox 391 1259 548 1340; x_wconf 89' lang='lat' dir='ltr'>accepisse</span> <span class='ocrx_word' id='word_1_67' title='bbox 572 1259 704 1322; x_wconf 87' lang='lat' dir='ltr'>nesciuit</span> <span class='ocrx_word' id='word_1_68' title='bbox 727 1263 759 1323; x_wconf 87' lang='lat' dir='ltr'>et</span> <span class='ocrx_word' id='word_1_69' title='bbox 781 1259 849 1322; x_wconf 91' lang='lat' dir='ltr'>ideo</span> <span class='ocrx_word' id='word_1_70' title='bbox 872 1259 1015 1342; x_wconf 87' lang='lat' dir='ltr'>gloriam,</span> <span class='ocrx_word' id='word_1_71' title='bbox 1046 1276 1140 1340; x_wconf 86' lang='lat' dir='ltr'>quam</span> <span class='ocrx_word' id='word_1_72' title='bbox 1164 1259 1277 1322; x_wconf 88' lang='lat' dir='ltr'>heatus</span> <span class='ocrx_word' id='word_1_73' title='bbox 1300 1276 1358 1322; x_wconf 88' lang='lat' dir='ltr'>nou</span> 
     </span>
     <span class='ocr_line' id='line_1_10' title="bbox 221 1364 1359 1446; baseline -0.002 -18"><span class='ocrx_word' id='word_1_74' title='bbox 221 1365 383 1445; x_wconf 80' lang='lat' dir='ltr'>intellexit,</span> <span class='ocrx_word' id='word_1_75' title='bbox 415 1365 515 1428; x_wconf 89' lang='lat' dir='ltr'>elatus</span> <span class='ocrx_word' id='word_1_76' title='bbox 543 1365 649 1428; x_wconf 89' lang='lat' dir='ltr'>amisit</span> <span class='ocrx_word' id='word_1_77' title='bbox 671 1364 716 1428; x_wconf 90' lang='lat' dir='ltr'>ita</span> <span class='ocrx_word' id='word_1_78' title='bbox 739 1364 858 1427; x_wconf 90' lang='lat' dir='ltr'>dicens:</span> <span class='ocrx_word' id='word_1_79' title='bbox 889 1364 1086 1428; x_wconf 90' lang='lat' dir='ltr'>ascendam</span> <span class='ocrx_word' id='word_1_80' title='bbox 1117 1381 1227 1446; x_wconf 89' lang='lat' dir='ltr'>super</span> <span class='ocrx_word' id='word_1_81' title='bbox 1262 1367 1359 1428; x_wconf 84' lang='lat' dir='ltr'>astra</span> 
     </span>
     <span class='ocr_line' id='line_1_11' title="bbox 171 1468 1357 1550; baseline -0.003 -16"><span class='ocrx_word' id='word_1_82' title='bbox 171 1495 196 1534; x_wconf 79' lang='lat' dir='ltr'>re</span> <span class='ocrx_word' id='word_1_83' title='bbox 223 1468 390 1549; x_wconf 90' lang='lat' dir='ltr'>nubium,</span> <span class='ocrx_word' id='word_1_84' title='bbox 423 1487 556 1550; x_wconf 87' lang='lat' dir='ltr'>ponam</span> <span class='ocrx_word' id='word_1_85' title='bbox 587 1487 698 1550; x_wconf 89' lang='lat' dir='ltr'>super</span> <span class='ocrx_word' id='word_1_86' title='bbox 728 1469 882 1532; x_wconf 87' lang='lat' dir='ltr'>thronos</span> <span class='ocrx_word' id='word_1_87' title='bbox 914 1468 1048 1532; x_wconf 91' lang='lat' dir='ltr'>solium</span> <span class='ocrx_word' id='word_1_88' title='bbox 1079 1486 1198 1532; x_wconf 90' lang='lat' dir='ltr'>meum</span> <span class='ocrx_word' id='word_1_89' title='bbox 1230 1472 1268 1533; x_wconf 87' lang='lat' dir='ltr'>et</span> <span class='ocrx_word' id='word_1_90' title='bbox 1302 1485 1357 1532; x_wconf 91' lang='lat' dir='ltr'>ero</span> 
     </span>
     <span class='ocr_line' id='line_1_12' title="bbox 222 1573 1358 1656; baseline 0 -20"><span class='ocrx_word' id='word_1_91' title='bbox 222 1573 359 1638; x_wconf 89' lang='lat' dir='ltr'>similis</span> <span class='ocrx_word' id='word_1_92' title='bbox 390 1573 584 1638; x_wconf 86' lang='lat' dir='ltr'>altissimo.</span> <span class='ocrx_word' id='word_1_93' title='bbox 624 1573 675 1636; x_wconf 94' lang='lat' dir='ltr'>hic</span> <span class='ocrx_word' id='word_1_94' title='bbox 698 1591 771 1656; x_wconf 90' lang='lat' dir='ltr'>ergo</span> <span class='ocrx_word' id='word_1_95' title='bbox 795 1573 916 1636; x_wconf 88' lang='lat' dir='ltr'>nullum</span> <span class='ocrx_word' id='word_1_96' title='bbox 940 1573 971 1636; x_wconf 92' lang='lat' dir='ltr'>in</span> <span class='ocrx_word' id='word_1_97' title='bbox 995 1573 1145 1636; x_wconf 81' lang='lat' dir='ltr'>creaturis</span> <span class='ocrx_word' id='word_1_98' title='bbox 1169 1573 1358 1655; x_wconf 90' lang='lat' dir='ltr'>superiorem</span> 
     </span>
     <span class='ocr_line' id='line_1_13' title="bbox 222 1676 1359 1758; baseline -0.002 -16"><span class='ocrx_word' id='word_1_99' title='bbox 222 1697 266 1758; x_wconf 89' lang='lat' dir='ltr'>se,</span> <span class='ocrx_word' id='word_1_100' title='bbox 297 1682 332 1742; x_wconf 94' lang='lat' dir='ltr'>ut</span> <span class='ocrx_word' id='word_1_101' title='bbox 360 1696 439 1758; x_wconf 91' lang='lat' dir='ltr'>reor,</span> <span class='ocrx_word' id='word_1_102' title='bbox 469 1676 590 1758; x_wconf 90' lang='lat' dir='ltr'>hahuit,</span> <span class='ocrx_word' id='word_1_103' title='bbox 621 1678 743 1742; x_wconf 89' lang='lat' dir='ltr'>nullum</span> <span class='ocrx_word' id='word_1_104' title='bbox 766 1677 904 1742; x_wconf 88' lang='lat' dir='ltr'>medium</span> <span class='ocrx_word' id='word_1_105' title='bbox 929 1677 1011 1741; x_wconf 89' lang='lat' dir='ltr'>inter</span> <span class='ocrx_word' id='word_1_106' title='bbox 1036 1696 1068 1740; x_wconf 91' lang='lat' dir='ltr'>se</span> <span class='ocrx_word' id='word_1_107' title='bbox 1096 1681 1127 1740; x_wconf 91' lang='lat' dir='ltr'>et</span> <span class='ocrx_word' id='word_1_108' title='bbox 1154 1678 1248 1742; x_wconf 91' lang='lat' dir='ltr'>deum</span> <span class='ocrx_word' id='word_1_109' title='bbox 1272 1677 1359 1756; x_wconf 88' lang='lat' dir='ltr'>uidit,</span> 
     </span>
     <span class='ocr_line' id='line_1_14' title="bbox 222 1781 1358 1866; baseline -0.002 -20"><span class='ocrx_word' id='word_1_110' title='bbox 222 1783 308 1846; x_wconf 90' lang='lat' dir='ltr'>euius</span> <span class='ocrx_word' id='word_1_111' title='bbox 332 1782 540 1846; x_wconf 82' lang='lat' dir='ltr'>aemulatione</span> <span class='ocrx_word' id='word_1_112' title='bbox 564 1781 728 1866; x_wconf 86' lang='lat' dir='ltr'>superbiae</span> <span class='ocrx_word' id='word_1_113' title='bbox 752 1782 878 1846; x_wconf 86' lang='lat' dir='ltr'>stimulo</span> <span class='ocrx_word' id='word_1_114' title='bbox 902 1781 1076 1846; x_wconf 85' lang='lat' dir='ltr'>concitatus</span> <span class='ocrx_word' id='word_1_115' title='bbox 1105 1781 1297 1866; x_wconf 86' lang='lat' dir='ltr'>adsurgeret,</span> <span class='ocrx_word' id='word_1_116' title='bbox 1329 1785 1358 1844; x_wconf 86' lang='lat' dir='ltr'>et</span> 
     </span>
     <span class='ocr_line' id='line_1_15' title="bbox 220 1885 1358 1968; baseline -0.005 -16"><span class='ocrx_word' id='word_1_117' title='bbox 220 1889 290 1953; x_wconf 92' lang='lat' dir='ltr'>ideo</span> <span class='ocrx_word' id='word_1_118' title='bbox 313 1888 435 1952; x_wconf 89' lang='lat' dir='ltr'>nullum</span> <span class='ocrx_word' id='word_1_119' title='bbox 458 1891 530 1952; x_wconf 90' lang='lat' dir='ltr'>ante</span> <span class='ocrx_word' id='word_1_120' title='bbox 553 1907 587 1952; x_wconf 89' lang='lat' dir='ltr'>se</span> <span class='ocrx_word' id='word_1_121' title='bbox 610 1889 692 1951; x_wconf 89' lang='lat' dir='ltr'>stare</span> <span class='ocrx_word' id='word_1_122' title='bbox 715 1887 748 1950; x_wconf 92' lang='lat' dir='ltr'>iu</span> <span class='ocrx_word' id='word_1_123' title='bbox 771 1887 878 1952; x_wconf 89' lang='lat' dir='ltr'>ordine</span> <span class='ocrx_word' id='word_1_124' title='bbox 894 1887 1025 1951; x_wconf 87' lang='lat' dir='ltr'>militiae</span> <span class='ocrx_word' id='word_1_125' title='bbox 1041 1887 1184 1951; x_wconf 90' lang='lat' dir='ltr'>caelestis</span> <span class='ocrx_word' id='word_1_126' title='bbox 1205 1885 1358 1968; x_wconf 85' lang='lat' dir='ltr'>aspiciens</span> 
     </span>
     <span class='ocr_line' id='line_1_16' title="bbox 169 1991 1359 2076; baseline -0.003 -19"><span class='ocrx_word' id='word_1_127' title='bbox 169 2017 194 2058; x_wconf 82' lang='lat' dir='ltr'>n</span> <span class='ocrx_word' id='word_1_128' title='bbox 221 1993 280 2076; x_wconf 92' lang='lat' dir='ltr'>ipsi</span> <span class='ocrx_word' id='word_1_129' title='bbox 302 2011 407 2056; x_wconf 89' lang='lat' dir='ltr'>rerum</span> <span class='ocrx_word' id='word_1_130' title='bbox 431 1991 555 2056; x_wconf 92' lang='lat' dir='ltr'>domino</span> <span class='ocrx_word' id='word_1_131' title='bbox 580 2011 612 2056; x_wconf 89' lang='lat' dir='ltr'>se</span> <span class='ocrx_word' id='word_1_132' title='bbox 636 2009 768 2074; x_wconf 89' lang='lat' dir='ltr'>aequare</span> <span class='ocrx_word' id='word_1_133' title='bbox 798 1992 1020 2074; x_wconf 85' lang='lat' dir='ltr'>praesumpsit.</span> <span class='ocrx_word' id='word_1_134' title='bbox 1056 1991 1166 2074; x_wconf 90' lang='lat' dir='ltr'>quodsi</span> <span class='ocrx_word' id='word_1_135' title='bbox 1196 1992 1298 2056; x_wconf 91' lang='lat' dir='ltr'>ullum</span> <span class='ocrx_word' id='word_1_136' title='bbox 1328 2010 1359 2056; x_wconf 90' lang='lat' dir='ltr'>se</span> 
     </span>
     <span class='ocr_line' id='line_1_17' title="bbox 221 2095 1359 2180; baseline -0.002 -20"><span class='ocrx_word' id='word_1_137' title='bbox 221 2097 470 2161; x_wconf 80' lang='lat' dir='ltr'>excellentiorem</span> <span class='ocrx_word' id='word_1_138' title='bbox 501 2096 624 2160; x_wconf 91' lang='lat' dir='ltr'>maioris</span> <span class='ocrx_word' id='word_1_139' title='bbox 656 2097 813 2179; x_wconf 88' lang='lat' dir='ltr'>inpatiens</span> <span class='ocrx_word' id='word_1_140' title='bbox 844 2097 876 2160; x_wconf 92' lang='lat' dir='ltr'>in</span> <span class='ocrx_word' id='word_1_141' title='bbox 905 2097 1031 2161; x_wconf 88' lang='lat' dir='ltr'>caelesti</span> <span class='ocrx_word' id='word_1_142' title='bbox 1062 2096 1161 2180; x_wconf 88' lang='lat' dir='ltr'>gradu</span> <span class='ocrx_word' id='word_1_143' title='bbox 1189 2095 1359 2180; x_wconf 88' lang='lat' dir='ltr'>deprehen·</span> 
     </span>
     <span class='ocr_line' id='line_1_18' title="bbox 222 2201 1212 2285; baseline -0.002 -19"><span class='ocrx_word' id='word_1_144' title='bbox 222 2202 329 2282; x_wconf 91' lang='lat' dir='ltr'>disset,</span> <span class='ocrx_word' id='word_1_145' title='bbox 353 2201 398 2265; x_wconf 92' lang='lat' dir='ltr'>illi</span> <span class='ocrx_word' id='word_1_146' title='bbox 421 2220 453 2265; x_wconf 90' lang='lat' dir='ltr'>se</span> <span class='ocrx_word' id='word_1_147' title='bbox 477 2201 579 2284; x_wconf 91' lang='lat' dir='ltr'>magis</span> <span class='ocrx_word' id='word_1_148' title='bbox 602 2201 742 2266; x_wconf 86' lang='lat' dir='ltr'>conferre</span> <span class='ocrx_word' id='word_1_149' title='bbox 765 2201 816 2266; x_wconf 92' lang='lat' dir='ltr'>uel</span> <span class='ocrx_word' id='word_1_150' title='bbox 839 2201 994 2285; x_wconf 87' lang='lat' dir='ltr'>praeferre</span> <span class='ocrx_word' id='word_1_151' title='bbox 1018 2204 1212 2284; x_wconf 90' lang='lat' dir='ltr'>temptasset.</span> 
     </span>
     <span class='ocr_line' id='line_1_19' title="bbox 265 2305 1359 2390; baseline -0.002 -20"><span class='ocrx_word' id='word_1_152' title='bbox 265 2306 335 2370; x_wconf 89' lang='lat' dir='ltr'>Duo</span> <span class='ocrx_word' id='word_1_153' title='bbox 359 2306 488 2370; x_wconf 87' lang='lat' dir='ltr'>suntin</span> <span class='ocrx_word' id='word_1_154' title='bbox 511 2305 710 2386; x_wconf 89' lang='lat' dir='ltr'>caelestibus,</span> <span class='ocrx_word' id='word_1_155' title='bbox 740 2306 794 2388; x_wconf 91' lang='lat' dir='ltr'>qui</span> <span class='ocrx_word' id='word_1_156' title='bbox 817 2306 898 2390; x_wconf 90' lang='lat' dir='ltr'>regit</span> <span class='ocrx_word' id='word_1_157' title='bbox 921 2309 952 2370; x_wconf 87' lang='lat' dir='ltr'>et</span> <span class='ocrx_word' id='word_1_158' title='bbox 975 2306 1027 2388; x_wconf 90' lang='lat' dir='ltr'>qui</span> <span class='ocrx_word' id='word_1_159' title='bbox 1050 2310 1211 2390; x_wconf 88' lang='lat' dir='ltr'>reguntur,</span> <span class='ocrx_word' id='word_1_160' title='bbox 1243 2309 1359 2370; x_wconf 91' lang='lat' dir='ltr'>creator</span> 
     </span>
     <span class='ocr_line' id='line_1_20' title="bbox 224 2409 1358 2494; baseline -0.003 -20"><span class='ocrx_word' id='word_1_161' title='bbox 224 2413 255 2474; x_wconf 88' lang='lat' dir='ltr'>et</span> <span class='ocrx_word' id='word_1_162' title='bbox 274 2413 424 2474; x_wconf 88' lang='lat' dir='ltr'>creatura.</span> <span class='ocrx_word' id='word_1_163' title='bbox 454 2410 576 2474; x_wconf 91' lang='lat' dir='ltr'>nullum</span> <span class='ocrx_word' id='word_1_164' title='bbox 592 2411 624 2474; x_wconf 93' lang='lat' dir='ltr'>in</span> <span class='ocrx_word' id='word_1_165' title='bbox 640 2410 741 2475; x_wconf 91' lang='lat' dir='ltr'>medio</span> <span class='ocrx_word' id='word_1_166' title='bbox 757 2411 868 2474; x_wconf 91' lang='lat' dir='ltr'>horum</span> <span class='ocrx_word' id='word_1_167' title='bbox 885 2411 1014 2474; x_wconf 85' lang='lat' dir='ltr'>tertium</span> <span class='ocrx_word' id='word_1_168' title='bbox 1031 2411 1132 2474; x_wconf 90' lang='lat' dir='ltr'>extitit</span> <span class='ocrx_word' id='word_1_169' title='bbox 1147 2429 1257 2494; x_wconf 89' lang='lat' dir='ltr'>genus,</span> <span class='ocrx_word' id='word_1_170' title='bbox 1280 2409 1358 2492; x_wconf 90' lang='lat' dir='ltr'>qued</span> 
     </span>
     <span class='ocr_line' id='line_1_21' title="bbox 171 2514 1361 2579; baseline -0.002 -1"><span class='ocrx_word' id='word_1_171' title='bbox 171 2539 197 2578; x_wconf 74' lang='lat' dir='ltr'>ee</span> <span class='ocrx_word' id='word_1_172' title='bbox 224 2514 369 2578; x_wconf 89' lang='lat' dir='ltr'>secundis</span> <span class='ocrx_word' id='word_1_173' title='bbox 392 2514 494 2578; x_wconf 87' lang='lat' dir='ltr'>maius</span> <span class='ocrx_word' id='word_1_174' title='bbox 518 2517 550 2578; x_wconf 91' lang='lat' dir='ltr'>et</span> <span class='ocrx_word' id='word_1_175' title='bbox 572 2514 704 2578; x_wconf 90' lang='lat' dir='ltr'>summis</span> <span class='ocrx_word' id='word_1_176' title='bbox 728 2517 812 2578; x_wconf 90' lang='lat' dir='ltr'>esset</span> <span class='ocrx_word' id='word_1_177' title='bbox 834 2514 973 2579; x_wconf 83' lang='lat' dir='ltr'>inferius</span> <span class='ocrx_word' id='word_1_178' title='bbox 1009 2514 1206 2578; x_wconf 81' lang='lat' dir='ltr'>excellentior</span> <span class='ocrx_word' id='word_1_179' title='bbox 1221 2517 1361 2578; x_wconf 89' lang='lat' dir='ltr'>creatura</span> 
     </span>
     <span class='ocr_line' id='line_1_22' title="bbox 224 2593 1371 2702; baseline -0.001 -20"><span class='ocrx_word' id='word_1_180' title='bbox 224 2617 262 2682; x_wconf 88' lang='lat' dir='ltr'>de</span> <span class='ocrx_word' id='word_1_181' title='bbox 292 2617 486 2702; x_wconf 82' lang='lat' dir='ltr'>archangelis</span> <span class='ocrx_word' id='word_1_182' title='bbox 517 2617 648 2682; x_wconf 87' lang='lat' dir='ltr'>forsitan</span> <span class='ocrx_word' id='word_1_183' title='bbox 671 2619 729 2682; x_wconf 90' lang='lat' dir='ltr'>dici</span> <span class='ocrx_word' id='word_1_184' title='bbox 751 2621 865 2702; x_wconf 89' lang='lat' dir='ltr'>potest,</span> <span class='ocrx_word' id='word_1_185' title='bbox 896 2619 969 2682; x_wconf 91' lang='lat' dir='ltr'>lieet</span> <span class='ocrx_word' id='word_1_186' title='bbox 996 2618 1107 2682; x_wconf 87' lang='lat' dir='ltr'>ceteris</span> <span class='ocrx_word' id='word_1_187' title='bbox 1130 2618 1237 2682; x_wconf 88' lang='lat' dir='ltr'>ordine</span> <span class='ocrx_word' id='word_1_188' title='bbox 1261 2593 1371 2701; x_wconf 79' lang='lat' dir='ltr'>magis&#39;</span> 
     </span>
     <span class='ocr_line' id='line_1_23' title="bbox 223 2721 1359 2806; baseline -0.001 -20"><span class='ocrx_word' id='word_1_189' title='bbox 223 2723 440 2806; x_wconf 88' lang='lat' dir='ltr'>praemineant</span> <span class='ocrx_word' id='word_1_190' title='bbox 469 2740 564 2805; x_wconf 87' lang='lat' dir='ltr'>quam</span> <span class='ocrx_word' id='word_1_191' title='bbox 595 2727 715 2787; x_wconf 87' lang='lat' dir='ltr'>natura.</span> <span class='ocrx_word' id='word_1_192' title='bbox 763 2723 816 2787; x_wconf 92' lang='lat' dir='ltr'>sed</span> <span class='ocrx_word' id='word_1_193' title='bbox 848 2726 955 2788; x_wconf 88' lang='lat' dir='ltr'>sancto</span> <span class='ocrx_word' id='word_1_194' title='bbox 983 2723 1105 2806; x_wconf 88' lang='lat' dir='ltr'>spiritui</span> <span class='ocrx_word' id='word_1_195' title='bbox 1129 2725 1160 2786; x_wconf 88' lang='lat' dir='ltr'>el</span> <span class='ocrx_word' id='word_1_196' title='bbox 1183 2721 1359 2806; x_wconf 87' lang='lat' dir='ltr'>archangeli</span> 
     </span>
     <span class='ocr_line' id='line_1_24' title="bbox 224 2826 1359 2910; baseline -0.001 -20"><span class='ocrx_word' id='word_1_197' title='bbox 224 2828 373 2907; x_wconf 91' lang='lat' dir='ltr'>seruiunt,</span> <span class='ocrx_word' id='word_1_198' title='bbox 398 2845 432 2890; x_wconf 89' lang='lat' dir='ltr'>ex</span> <span class='ocrx_word' id='word_1_199' title='bbox 457 2826 569 2910; x_wconf 90' lang='lat' dir='ltr'>quihus</span> <span class='ocrx_word' id='word_1_200' title='bbox 592 2846 673 2891; x_wconf 89' lang='lat' dir='ltr'>unus</span> <span class='ocrx_word' id='word_1_201' title='bbox 697 2828 786 2909; x_wconf 87' lang='lat' dir='ltr'>quasi</span> <span class='ocrx_word' id='word_1_202' title='bbox 809 2829 950 2892; x_wconf 90' lang='lat' dir='ltr'>minister</span> <span class='ocrx_word' id='word_1_203' title='bbox 974 2827 1144 2893; x_wconf 90' lang='lat' dir='ltr'>aduentum</span> <span class='ocrx_word' id='word_1_204' title='bbox 1169 2826 1235 2892; x_wconf 90' lang='lat' dir='ltr'>eius</span> <span class='ocrx_word' id='word_1_205' title='bbox 1250 2826 1359 2891; x_wconf 88' lang='lat' dir='ltr'>beatae</span> 
     </span>
     <span class='ocr_line' id='line_1_25' title="bbox 223 2931 1359 3014; baseline -0.001 -19"><span class='ocrx_word' id='word_1_206' title='bbox 223 2931 343 2995; x_wconf 87' lang='lat' dir='ltr'>Mariae</span> <span class='ocrx_word' id='word_1_207' title='bbox 366 2931 530 2996; x_wconf 86' lang='lat' dir='ltr'>nuntiauit.</span> <span class='ocrx_word' id='word_1_208' title='bbox 571 2931 625 2995; x_wconf 91' lang='lat' dir='ltr'>sed</span> <span class='ocrx_word' id='word_1_209' title='bbox 648 2931 736 2995; x_wconf 89' lang='lat' dir='ltr'>dicis:</span> <span class='ocrx_word' id='word_1_210' title='bbox 761 2950 831 2996; x_wconf 93' lang='lat' dir='ltr'>ecce</span> <span class='ocrx_word' id='word_1_211' title='bbox 855 2931 907 2995; x_wconf 92' lang='lat' dir='ltr'>ubi</span> <span class='ocrx_word' id='word_1_212' title='bbox 931 2932 1073 3014; x_wconf 85' lang='lat' dir='ltr'>spiritum</span> <span class='ocrx_word' id='word_1_213' title='bbox 1097 2934 1242 2996; x_wconf 89' lang='lat' dir='ltr'>sanetum</span> <span class='ocrx_word' id='word_1_214' title='bbox 1261 2931 1359 2995; x_wconf 83' lang='lat' dir='ltr'>Amos</span> 
     </span>
     <span class='ocr_line' id='line_1_26' title="bbox 172 3035 1358 3120; baseline -0.004 -19"><span class='ocrx_word' id='word_1_215' title='bbox 172 3061 197 3102; x_wconf 79' lang='lat'>25</span> <span class='ocrx_word' id='word_1_216' title='bbox 223 3035 376 3118; x_wconf 85' lang='lat' dir='ltr'>prophete</span> <span class='ocrx_word' id='word_1_217' title='bbox 406 3039 582 3099; x_wconf 90' lang='lat' dir='ltr'>creaturam</span> <span class='ocrx_word' id='word_1_218' title='bbox 613 3036 773 3100; x_wconf 89' lang='lat' dir='ltr'>euidenter</span> <span class='ocrx_word' id='word_1_219' title='bbox 797 3036 941 3120; x_wconf 89' lang='lat' dir='ltr'>adsignat</span> <span class='ocrx_word' id='word_1_220' title='bbox 964 3036 1007 3100; x_wconf 90' lang='lat' dir='ltr'>ita</span> <span class='ocrx_word' id='word_1_221' title='bbox 1029 3036 1150 3100; x_wconf 88' lang='lat' dir='ltr'>dicens:</span> <span class='ocrx_word' id='word_1_222' title='bbox 1182 3053 1264 3100; x_wconf 88' lang='lat' dir='ltr'>cece</span> <span class='ocrx_word' id='word_1_223' title='bbox 1294 3051 1358 3118; x_wconf 91' lang='lat' dir='ltr'>ego</span> 
     </span>
     <span class='ocr_line' id='line_1_27' title="bbox 222 3139 1358 3223; baseline -0.001 -20"><span class='ocrx_word' id='word_1_224' title='bbox 222 3140 379 3203; x_wconf 85' lang='lat' dir='ltr'>firmans</span> <span class='ocrx_word' id='word_1_225' title='bbox 400 3140 607 3204; x_wconf 88' lang='lat' dir='ltr'>tonitruum</span> <span class='ocrx_word' id='word_1_226' title='bbox 628 3144 663 3204; x_wconf 92' lang='lat' dir='ltr'>et</span> <span class='ocrx_word' id='word_1_227' title='bbox 683 3159 813 3204; x_wconf 90' lang='lat' dir='ltr'>creans</span> <span class='ocrx_word' id='word_1_228' title='bbox 834 3140 1017 3223; x_wconf 90' lang='lat' dir='ltr'>spiritum.</span> <span class='ocrx_word' id='word_1_229' title='bbox 1051 3140 1188 3222; x_wconf 91' lang='lat' dir='ltr'>primum</span> <span class='ocrx_word' id='word_1_230' title='bbox 1205 3143 1261 3220; x_wconf 89' lang='lat' dir='ltr'>est,</span> <span class='ocrx_word' id='word_1_231' title='bbox 1277 3139 1358 3222; x_wconf 87' lang='lat' dir='ltr'>quod</span> 
     </span>
     <span class='ocr_line' id='line_1_28' title="bbox 223 3243 1357 3328; baseline -0.002 -20"><span class='ocrx_word' id='word_1_232' title='bbox 223 3244 343 3308; x_wconf 90' lang='lat' dir='ltr'>uudnm</span> <span class='ocrx_word' id='word_1_233' title='bbox 366 3244 492 3326; x_wconf 83' lang='lat' dir='ltr'>spiritus</span> <span class='ocrx_word' id='word_1_234' title='bbox 515 3263 630 3310; x_wconf 90' lang='lat' dir='ltr'>nomen</span> <span class='ocrx_word' id='word_1_235' title='bbox 653 3263 851 3328; x_wconf 87' lang='lat' dir='ltr'>nequaquam</span> <span class='ocrx_word' id='word_1_236' title='bbox 876 3245 914 3309; x_wconf 91' lang='lat' dir='ltr'>ad</span> <span class='ocrx_word' id='word_1_237' title='bbox 937 3262 1104 3328; x_wconf 87' lang='lat' dir='ltr'>personam</span> <span class='ocrx_word' id='word_1_238' title='bbox 1124 3243 1357 3309; x_wconf 89' lang='lat' dir='ltr'>sanctificatoris</span> 
     </span>
    </p>
   </div>
   <div class='ocr_carea' id='block_1_3' title="bbox 326 3451 825 3522">
    <p class='ocr_par' dir='ltr' id='par_1_3' title="bbox 326 3451 825 3522">
     <span class='ocr_line' id='line_1_29' title="bbox 326 3451 825 3522; baseline -0.006 -14"><span class='ocrx_word' id='word_1_239' title='bbox 326 3452 355 3521; x_wconf 81' lang='lat'>9]</span> <span class='ocrx_word' id='word_1_240' title='bbox 374 3451 443 3505; x_wconf 85' lang='lat' dir='ltr'>Esai.</span> <span class='ocrx_word' id='word_1_241' title='bbox 459 3455 499 3518; x_wconf 82' lang='lat'>14,</span> <span class='ocrx_word' id='word_1_242' title='bbox 515 3455 554 3508; x_wconf 84' lang='lat'>13.</span> <span class='ocrx_word' id='word_1_243' title='bbox 608 3453 654 3522; x_wconf 84' lang='lat'>25]</span> <span class='ocrx_word' id='word_1_244' title='bbox 673 3453 733 3507; x_wconf 84' lang='lat' dir='ltr'>Am.</span> <span class='ocrx_word' id='word_1_245' title='bbox 746 3455 771 3518; x_wconf 78' lang='lat'>4,</span> <span class='ocrx_word' id='word_1_246' title='bbox 787 3456 825 3508; x_wconf 84' lang='lat'>13.</span> 
     </span>
    </p>
   </div>
   <div class='ocr_carea' id='block_1_4' title="bbox 222 3652 1359 3810">
    <p class='ocr_par' dir='ltr' id='par_1_4' title="bbox 222 3652 1359 3810">
     <span class='ocr_line' id='line_1_30' title="bbox 268 3652 1359 3722; baseline -0.003 -14"><span class='ocrx_word' id='word_1_247' title='bbox 268 3653 385 3708; x_wconf 88' lang='lat' dir='ltr'>lhoce</span> <span class='ocrx_word' id='word_1_248' title='bbox 455 3653 564 3706; x_wconf 85' lang='lat' dir='ltr'>assertio</span> <span class='ocrx_word' id='word_1_249' title='bbox 582 3654 610 3708; x_wconf 92' lang='lat' dir='ltr'><strong><em>P</em></strong></span> <span class='ocrx_word' id='word_1_250' title='bbox 678 3652 848 3708; x_wconf 88' lang='lat' dir='ltr'>3douumo</span> <span class='ocrx_word' id='word_1_251' title='bbox 919 3653 1015 3722; x_wconf 88' lang='lat' dir='ltr'>spiritu</span> <span class='ocrx_word' id='word_1_252' title='bbox 1034 3657 1164 3709; x_wconf 84' lang='lat' dir='ltr'>sanetae</span> <span class='ocrx_word' id='word_1_253' title='bbox 1234 3669 1315 3706; x_wconf 83' lang='lat' dir='ltr'>uacua</span> <span class='ocrx_word' id='word_1_254' title='bbox 1332 3653 1359 3705; x_wconf 87' lang='lat' dir='ltr'><em>P</em></span> 
     </span>
     <span class='ocr_line' id='line_1_31' title="bbox 222 3739 1358 3810; baseline -0.003 -16"><span class='ocrx_word' id='word_1_255' title='bbox 222 3739 397 3794; x_wconf 70' lang='lat' dir='ltr'>lacunariis</span> <span class='ocrx_word' id='word_1_256' title='bbox 415 3741 443 3794; x_wconf 93' lang='lat' dir='ltr'><strong><em>P</em></strong></span> <span class='ocrx_word' id='word_1_257' title='bbox 497 3740 606 3809; x_wconf 90' lang='lat' dir='ltr'>spiritus</span> <span class='ocrx_word' id='word_1_258' title='bbox 625 3757 686 3794; x_wconf 85' lang='lat' dir='ltr'>cunr</span> <span class='ocrx_word' id='word_1_259' title='bbox 705 3739 762 3794; x_wconf 93' lang='lat' dir='ltr'>diro</span> <span class='ocrx_word' id='word_1_260' title='bbox 781 3740 921 3810; x_wconf 86' lang='lat' dir='ltr'>comitatu]</span> <span class='ocrx_word' id='word_1_261' title='bbox 940 3739 1090 3810; x_wconf 90' lang='lat' dir='ltr'>hospitibus</span> <span class='ocrx_word' id='word_1_262' title='bbox 1110 3741 1138 3794; x_wconf 91' lang='lat' dir='ltr'><strong><em>P</em></strong></span> <span class='ocrx_word' id='word_1_263' title='bbox 1194 3739 1358 3796; x_wconf 85' lang='lat' dir='ltr'>5inuidite</span> 
     </span>
    </p>
   </div>
   <div class='ocr_carea' id='block_1_5' title="bbox 223 3837 1359 4374">
    <p class='ocr_par' dir='ltr' id='par_1_5' title="bbox 223 3837 1359 4374">
     <span class='ocr_line' id='line_1_32' title="bbox 223 3837 1357 3940; baseline -0.003 -16"><span class='ocrx_word' id='word_1_264' title='bbox 223 3872 336 3937; x_wconf 81' lang='lat' dir='ltr'>dquam</span> <span class='ocrx_word' id='word_1_265' title='bbox 356 3869 422 3922; x_wconf 88' lang='lat' dir='ltr'>dieis</span> <span class='ocrx_word' id='word_1_266' title='bbox 440 3888 490 3925; x_wconf 83' lang='lat' dir='ltr'>our.</span> <span class='ocrx_word' id='word_1_267' title='bbox 505 3871 532 3924; x_wconf 94' lang='lat' dir='ltr'><strong><em>P</em></strong></span> <span class='ocrx_word' id='word_1_268' title='bbox 584 3871 742 3940; x_wconf 78' lang='lat' dir='ltr'>&#39;lplulgens</span> <span class='ocrx_word' id='word_1_269' title='bbox 756 3872 783 3924; x_wconf 90' lang='lat' dir='ltr'><strong><em>P</em></strong></span> <span class='ocrx_word' id='word_1_270' title='bbox 834 3871 981 3926; x_wconf 86' lang='lat' dir='ltr'>numerise</span> <span class='ocrx_word' id='word_1_271' title='bbox 1034 3837 1134 3939; x_wconf 68' lang='lat' dir='ltr'>ignaris</span> <span class='ocrx_word' id='word_1_272' title='bbox 1151 3873 1177 3925; x_wconf 86' lang='lat' dir='ltr'><em>V</em></span> <span class='ocrx_word' id='word_1_273' title='bbox 1227 3873 1357 3938; x_wconf 83' lang='lat' dir='ltr'>9suprae</span> 
     </span>
     <span class='ocr_line' id='line_1_33' title="bbox 225 3956 1359 4026; baseline -0.003 -16"><span class='ocrx_word' id='word_1_274' title='bbox 225 3959 256 4011; x_wconf 90' lang='lat'>10</span> <span class='ocrx_word' id='word_1_275' title='bbox 279 3956 405 4010; x_wconf 89' lang='lat' dir='ltr'>thronum</span> <span class='ocrx_word' id='word_1_276' title='bbox 428 3958 456 4011; x_wconf 92' lang='lat' dir='ltr'><strong><em>P</em></strong></span> <span class='ocrx_word' id='word_1_277' title='bbox 524 3961 551 4010; x_wconf 90' lang='lat' dir='ltr'>et</span> <span class='ocrx_word' id='word_1_278' title='bbox 572 3977 623 4014; x_wconf 83' lang='lat' dir='ltr'>om.</span> <span class='ocrx_word' id='word_1_279' title='bbox 645 3960 671 4013; x_wconf 91' lang='lat' dir='ltr'><em>V</em></span> <span class='ocrx_word' id='word_1_280' title='bbox 740 3961 771 4014; x_wconf 92' lang='grc'><strong>12</strong></span> <span class='ocrx_word' id='word_1_281' title='bbox 790 3957 872 4026; x_wconf 87' lang='lat' dir='ltr'>uidit]</span> <span class='ocrx_word' id='word_1_282' title='bbox 891 3958 919 4010; x_wconf 93' lang='lat' dir='ltr'>in</span> <span class='ocrx_word' id='word_1_283' title='bbox 937 3959 1043 4012; x_wconf 69' lang='lat' dir='ltr'>adel&gt;</span> <span class='ocrx_word' id='word_1_284' title='bbox 1114 3961 1145 4014; x_wconf 87' lang='lat'>13</span> <span class='ocrx_word' id='word_1_285' title='bbox 1169 3959 1314 4025; x_wconf 86' lang='lat' dir='ltr'>assurgeret</span> <span class='ocrx_word' id='word_1_286' title='bbox 1333 3956 1359 4008; x_wconf 91' lang='lat' dir='ltr'><strong><em>P</em></strong></span> 
     </span>
     <span class='ocr_line' id='line_1_34' title="bbox 225 4043 1357 4116; baseline -0.003 -17"><span class='ocrx_word' id='word_1_287' title='bbox 225 4047 256 4099; x_wconf 89' lang='lat'>15</span> <span class='ocrx_word' id='word_1_288' title='bbox 275 4043 486 4098; x_wconf 86' lang='lat' dir='ltr'>excellentiorem</span> <span class='ocrx_word' id='word_1_289' title='bbox 505 4063 532 4098; x_wconf 91' lang='lat' dir='ltr'>se</span> <span class='ocrx_word' id='word_1_290' title='bbox 550 4047 578 4100; x_wconf 96' lang='lat' dir='ltr'><strong><em>P</em></strong></span> <span class='ocrx_word' id='word_1_291' title='bbox 639 4050 671 4102; x_wconf 83' lang='lat' dir='ltr'>lo</span> <span class='ocrx_word' id='word_1_292' title='bbox 689 4046 786 4115; x_wconf 82' lang='lat' dir='ltr'>gradu]</span> <span class='ocrx_word' id='word_1_293' title='bbox 805 4047 896 4115; x_wconf 82' lang='lat' dir='ltr'>gaudii</span> <span class='ocrx_word' id='word_1_294' title='bbox 916 4048 950 4116; x_wconf 92' lang='lat' dir='ltr'>P,</span> <span class='ocrx_word' id='word_1_295' title='bbox 969 4047 1066 4115; x_wconf 85' lang='lat' dir='ltr'>gaudio</span> <span class='ocrx_word' id='word_1_296' title='bbox 1085 4067 1100 4103; x_wconf 89' lang='lat' dir='ltr'>e</span> <span class='ocrx_word' id='word_1_297' title='bbox 1166 4051 1198 4106; x_wconf 84' lang='grc'><strong>18</strong></span> <span class='ocrx_word' id='word_1_298' title='bbox 1217 4051 1313 4102; x_wconf 88' lang='lat' dir='ltr'>creator</span> <span class='ocrx_word' id='word_1_299' title='bbox 1331 4049 1357 4096; x_wconf 85' lang='lat' dir='ltr'>et</span> 
     </span>
     <span class='ocr_line' id='line_1_35' title="bbox 224 4133 1359 4203; baseline 0 -19"><span class='ocrx_word' id='word_1_300' title='bbox 224 4133 344 4185; x_wconf 85' lang='lat' dir='ltr'>ereatura</span> <span class='ocrx_word' id='word_1_301' title='bbox 361 4134 452 4188; x_wconf 80' lang='lat' dir='ltr'>om.P</span> <span class='ocrx_word' id='word_1_302' title='bbox 504 4136 536 4188; x_wconf 91' lang='grc'><strong>19</strong></span> <span class='ocrx_word' id='word_1_303' title='bbox 550 4133 650 4189; x_wconf 88' lang='lat' dir='ltr'>uulloe</span> <span class='ocrx_word' id='word_1_304' title='bbox 702 4135 869 4188; x_wconf 89' lang='lat' dir='ltr'>immedioP</span> <span class='ocrx_word' id='word_1_305' title='bbox 919 4134 1138 4203; x_wconf 78' lang='lat' dir='ltr'>quoquuamV</span> <span class='ocrx_word' id='word_1_306' title='bbox 1188 4137 1222 4191; x_wconf 83' lang='lat'>20</span> <span class='ocrx_word' id='word_1_307' title='bbox 1236 4133 1316 4200; x_wconf 86' lang='lat' dir='ltr'>magis</span> <span class='ocrx_word' id='word_1_308' title='bbox 1334 4133 1359 4185; x_wconf 87' lang='lat' dir='ltr'><em>V</em></span> 
     </span>
     <span class='ocr_line' id='line_1_36' title="bbox 224 4218 1358 4290; baseline 0.001 -20"><span class='ocrx_word' id='word_1_309' title='bbox 224 4221 385 4274; x_wconf 87' lang='lat' dir='ltr'>summusV</span> <span class='ocrx_word' id='word_1_310' title='bbox 451 4221 483 4274; x_wconf 87' lang='grc'>21</span> <span class='ocrx_word' id='word_1_311' title='bbox 504 4219 590 4273; x_wconf 88' lang='lat' dir='ltr'>dicere</span> <span class='ocrx_word' id='word_1_312' title='bbox 608 4223 716 4290; x_wconf 86' lang='lat' dir='ltr'>potesv</span> <span class='ocrx_word' id='word_1_313' title='bbox 780 4224 814 4276; x_wconf 88' lang='grc'>22</span> <span class='ocrx_word' id='word_1_314' title='bbox 832 4221 938 4290; x_wconf 88' lang='lat' dir='ltr'>spiritui</span> <span class='ocrx_word' id='word_1_315' title='bbox 957 4225 1083 4276; x_wconf 87' lang='lat' dir='ltr'>sancteo</span> <span class='ocrx_word' id='word_1_316' title='bbox 1148 4225 1181 4277; x_wconf 88' lang='grc'>25</span> <span class='ocrx_word' id='word_1_317' title='bbox 1200 4221 1313 4289; x_wconf 86' lang='lat' dir='ltr'>assignat</span> <span class='ocrx_word' id='word_1_318' title='bbox 1330 4218 1358 4272; x_wconf 85' lang='grc' dir='ltr'><strong><em>Ρ</em></strong></span> 
     </span>
     <span class='ocr_line' id='line_1_37' title="bbox 224 4305 879 4374; baseline 0.002 -14"><span class='ocrx_word' id='word_1_319' title='bbox 224 4308 256 4360; x_wconf 84' lang='grc'>27</span> <span class='ocrx_word' id='word_1_320' title='bbox 275 4305 389 4374; x_wconf 90' lang='lat' dir='ltr'>nudum]</span> <span class='ocrx_word' id='word_1_321' title='bbox 408 4305 543 4360; x_wconf 85' lang='lat' dir='ltr'>interdum</span> <span class='ocrx_word' id='word_1_322' title='bbox 563 4308 590 4360; x_wconf 94' lang='lat' dir='ltr'><strong><em>P</em></strong></span> <span class='ocrx_word' id='word_1_323' title='bbox 642 4307 833 4361; x_wconf 87' lang='lat' dir='ltr'>sanctificantis</span> <span class='ocrx_word' id='word_1_324' title='bbox 852 4309 879 4361; x_wconf 86' lang='lat' dir='ltr'><strong><em>P</em></strong></span> 
     </span>
    </p>
   </div>
   <div class='ocr_carea' id='block_1_6' title="bbox 0 0 1451 4928">
    <p class='ocr_par' dir='ltr' id='par_1_6' title="bbox 0 0 1451 4928">
     <span class='ocr_line' id='line_1_38' title="bbox 0 0 1451 4928; baseline 0 0"><span class='ocrx_word' id='word_1_325' title='bbox 0 0 1451 4928; x_wconf 95' lang='lat' dir='ltr'> </span> 
     </span>
    </p>
   </div>
  </div>
 </body>
</html>
