2920 4930
554 409 650 464 Liber
669 410 723 466 19.
1163 413 1206 476 31·

87 589 203 648 centra
224 585 416 666 spiritalia
443 586 634 666 nequitiae
665 585 700 648 in
731 586 969 650 caelestibus.
1008 591 1206 669 propterea

86 689 233 771 accipite
264 692 489 753 armaturam
516 690 588 769 dei,
619 693 658 752 ut
688 690 843 772 possitis
872 690 1050 754 resistere
1081 691 1116 754 in
1147 692 1204 756 die

84 794 165 856 malo
196 797 232 856 et
265 794 301 856 in
332 793 503 857 omnibns
534 793 695 876 perlecti
726 797 835 856 stare.
883 797 979 858 state
1011 813 1096 878 ergo
1126 814 1204 858 suc-

84 896 184 960 cincti
206 897 352 962 lumbos
375 901 523 962 uestros
547 898 582 961 in
606 898 779 977 caritate,
807 897 929 961 induti
955 898 1071 962 lorica
1098 899 1204 962 iusti·

85 1001 147 1064 tiae
166 1005 200 1064 et
215 1001 374 1065 calceati
395 1002 507 1084 pedes
527 1002 563 1064 in
579 1002 866 1084 praeparatione
883 1002 1070 1086 euangelii
1086 1003 1203 1085 pacis,
1243 1023 1255 1062 s

83 1104 111 1166 in
139 1105 308 1170 omnibus
342 1109 535 1170 sumentes
566 1109 712 1169 scutum
743 1105 849 1184 fidei,
880 1106 917 1170 in
947 1124 1016 1187 quo
1047 1108 1203 1189 possitis

83 1209 191 1272 omnia
212 1210 290 1273 tela
313 1209 535 1290 nequissimi
557 1210 667 1294 ignea
689 1210 916 1292 extinguere.
948 1229 1019 1274 cum
1043 1211 1141 1274 dicat:
1165 1215 1204 1274 ut

84 1313 226 1392 possitis
251 1317 351 1378 stare
375 1315 555 1377 aduersus
583 1314 742 1378 insidias
766 1313 919 1392 diaboli,
951 1318 982 1376 et
1008 1315 1135 1378 iterum:
1163 1319 1204 1378 ut

84 1417 225 1496 possitis
241 1418 423 1482 resistere
439 1419 474 1482 in
491 1418 550 1481 die
566 1418 675 1497 malo,
693 1418 767 1481 etin
780 1419 995 1498 consequenti:
1013 1423 1202 1482 sumentes

83 1524 213 1584 scutum
240 1521 347 1602 fidei,
378 1522 413 1585 in
441 1540 509 1604 quo
538 1522 693 1604 possitis
718 1522 847 1585 'omnia
877 1522 953 1585 tela
980 1522 1203 1603 nequissimi
1231 1543 1254 1582 ιο

82 1622 177 1704 ignea
198 1625 435 1708 extinguere,
464 1626 659 1708 apertissime
683 1625 818 1690 ostendit
841 1643 859 1689 a
881 1626 938 1690 deo
961 1625 1203 1708 possibilitatem

80 1727 183 1792 arbitrii
205 1731 291 1794 omni
314 1729 432 1794 homini
455 1731 552 1794 luisse
567 1747 759 1810 concessam,
782 1748 844 1812 qua
867 1730 894 1793 ei
917 1733 1095 1813 promptum
1119 1735 1203 1794 esset

81 1847 131 1894 non
152 1833 252 1897 solum
275 1834 361 1896 carni
384 1851 458 1898 suae
480 1834 636 1914 resistere,
668 1834 722 1897 sed
751 1834 845 1897 etiam
872 1832 995 1896 diabolo
1018 1851 1201 1916 repugnare,

80 1935 179 2017 dequo
203 1937 310 2000 etalio
326 1937 392 2002 loco
409 1937 500 2002 dicit:
524 1939 697 2021 uigilata,
721 1938 831 2019 inquit,
856 1938 941 2018 quia
964 1937 1200 2000 aduersarius

78 2044 191 2104 uester
214 2041 388 2106 diabolus
404 2045 594 2123 tamquam
617 2043 674 2106 leo
697 2042 851 2124 rugiens
867 2041 1200 2122 circuitquaerens
1229 2063 1252 2102 ra

79 2161 171 2223 quem
193 2147 357 2211 deuoret.

113 2247 140 2313 Si
168 2251 240 2314 hnic
271 2250 448 2314 aduersario
479 2251 541 2314 iam
572 2255 673 2314 certos
703 2267 841 2332 quosque
871 2250 1018 2333 inposita,
1048 2251 1200 2332 quomodo

77 2353 186 2434 asseris,
209 2355 338 2438 originis
363 2355 532 2418 necessitas
555 2355 745 2437 deputasset,
773 2373 834 2418 uon
863 2359 1025 2435 quaereret
1048 2373 1124 2436 quos
1147 2355 1199 2418 de-

77 2457 179 2536 ciperet
201 2477 257 2522 nec
280 2459 437 2541 deputatis
460 2459 589 2542 uigilare
612 2460 783 2542 prodesset.
815 2458 946 2522 sednon
969 2459 1013 2522 ita
1036 2463 1092 2522 est.
1125 2477 1198 2522 nam

77 2560 147 2624 siout
167 2563 263 2626 bostis
288 2563 434 2626 omnibus
458 2563 652 2642 admonetur,
680 2564 725 2626 ita
750 2561 895 2626 omuibus
923 2562 1068 2646 praesidii
1091 2567 1122 2626 et
1144 2563 1198 2626 ad·
1224 2583 1250 2622 eo

77 2663 167 2729 interii
189 2667 314 2731 dextera
337 2685 399 2731 non
423 2671 554 2750 negatur
577 2673 608 2731 et
630 2667 790 2732 orantibus
808 2685 843 2730 ao
859 2665 1060 2750 uigilantibus
1077 2667 1198 2732 miseri·

76 2769 183 2834 mrdiae
205 2771 400 2854 benignitate
424 2772 623 2850 succurritur,
646 2789 725 2854 quae
746 2771 854 2852 utique
876 2770 1073 2854 pulsantibus
1097 2773 1197 2854 magis

75 2889 105 2934 ex
125 2873 284 2938 deuotione
307 2893 401 2956 quam
429 2894 465 2938 ex
492 2875 774 2958 praedestinatione
797 2875 943 2938 defertur.
981 2875 1085 2955 itaque
1115 2875 1198 2938 inter

74 2974 135 3056 ista,
160 2979 211 3060 qni
234 2978 309 3042 dicit
332 2979 431 3042 solam
458 2979 593 3061 gratiam
623 2979 690 3042 sine
721 2978 865 3042 exercitio
892 2978 993 3060 operis
1024 2981 1055 3041 et
1081 2977 1197 3042 laboris

73 3097 153 3158 posse
175 3081 328 3162 sulficere,
353 3100 455 3146 nonne
478 3082 536 3146 tibi
557 3083 680 3146 uidetur
699 3083 732 3146 in
747 3081 828 3145 hane
851 3081 1063 3164 blasphemiae
1086 3099 1195 3146 uocem
1223 3102 1249 3141 ra

72 3181 194 3250 alienata
209 3190 314 3250 mente
334 3204 551 3269 prorumpere:
583 3205 673 3250 nemo
695 3185 817 3269 uigilet,
840 3204 932 3250 nemo
955 3186 1081 3266 ieiunet,
1105 3204 1196 3250 nemo

72 3285 198 3354 luxuriae
221 3291 478 3374 inpugnationem
502 3289 710 3355 abstinentiae
733 3290 914 3354 contritione
938 3290 1080 3372 castiget,
1104 3309 1196 3355 nemo

72 3387 178 3456 bellum
206 3395 291 3458 uitiis
314 3395 552 3459 mortificatione
580 3395 737 3459 exterioris
767 3395 893 3474 indicat,
921 3411 1012 3458 nemo
1042 3395 1195 3458 interieris

72 3511 153 3560 curae
174 3499 282 3582 plagae
306 3499 468 3563 salutifera
491 3499 656 3564 afflictione
679 3499 855 3578 contendat,
879 3516 970 3562 nemo
985 3497 1107 3562 libidini
1123 3517 1195 3562 con·

169 3687 210 3756 rr]
232 3691 243 3744 1
265 3688 336 3742 retr.
356 3691 418 3752 se.

110 3859 271 3914 2armatura
289 3861 317 3915 P
372 3861 434 3916 liu
452 3862 516 3916 odd.
530 3861 572 3914 P²
624 3861 770 3916 ueritates
823 3859 907 3914 lurica
925 3862 952 3914 P
1007 3860 1149 3916 bealoiate
1169 3861 1196 3916 P

75 3941 252 4013 inequiasime
271 3949 299 4002 P
353 3947 481 4018 8positis
500 3949 527 4002 P
586 3947 714 4018 9positis
733 3949 760 4002 P
820 3951 852 4004 lo
871 3947 948 4001 fidaei
967 3948 994 4002 P
1056 3951 1087 4004 12
1105 3965 1193 4018 prom-

75 4059 164 4112 ΜΡ
223 4063 255 4118 13
274 4059 381 4114 diabulo
399 4061 427 4116 P
492 4063 523 4117 15
542 4059 664 4114 diabulus
683 4061 711 4116 P
775 4063 805 4116 17
825 4027 908 4114 cerda
927 4063 954 4116 P
1017 4075 1150 4129 quosquae
1168 4062 1196 4115 P

75 4139 228 4212 impositura
276 4149 309 4204 18
328 4147 465 4218 deceperat
483 4149 510 4202 P
557 4149 588 4202 19
606 4146 727 4250 uigiliam
746 4148 774 4202 P
819 4149 851 4204 22
870 4147 976 4216 utiquae
996 4149 1023 4202 P
1067 4149 1100 4202 23
1118 4163 1193 4216 prae-

74 4249 228 4314 distinatione
246 4261 274 4314 Ρ
316 4261 421 4328 itaquae
440 4261 467 4314 P
512 4263 545 4315 24
564 4260 669 4313 exerciti
689 4261 715 4314 P
760 4263 793 4314 27
811 4260 926 4314 luxoriae
940 4261 967 4314 P
1014 4260 1194 4316 ascranae

74 4355 129 4394 narr
145 4343 255 4400 bominis
273 4354 334 4416 poet
352 4347 486 4400 exterioris
504 4347 681 4403 addendam?
743 4347 881 4400 interiore-s
900 4349 927 4401 P
986 4349 1020 4402 29
1039 4345 1148 4400 libidine
1168 4347 1195 4401 P
