2954 4930
258 416 323 480 414
765 419 893 473 Ruricii

257 595 293 655 ut
307 590 492 656 iustificeris.
527 609 590 656 non
611 593 695 656 enim
717 592 911 676 praeualebit
927 593 1103 658 accusantis
1119 594 1246 674 inuidia,
1268 592 1322 656 ubi
1337 594 1394 656 hu-

259 695 375 759 militas
391 697 597 780 praocesserit
619 695 836 779 subplicantis.
871 716 965 779 quam
982 698 1104 762 obrem
1121 716 1187 778 noe,
1211 699 1238 762 si
1260 699 1321 761 iam
1346 717 1394 760 er·

258 799 396 864 cusando
419 799 565 864 diluimus
588 801 724 883 culpam,
747 802 912 866 ueniamus
934 803 974 866 ad
995 819 1131 866 oausam.
1166 803 1300 866 sautem
1323 821 1393 885 ergo

260 907 381 968 tantam
406 903 535 968 dicimus
558 905 667 986 pietati
691 909 822 984 uestrae,
847 910 995 987 quantam
1010 909 1113 988 potest
1127 905 1259 970 affectus
1274 906 1392 970 intelle

221 1033 233 1071 a
260 1025 332 1090 gere
356 1011 387 1072 01
409 1025 469 1072 non
492 1012 596 1091 pol-est
619 1027 719 1073 sermo
742 1010 890 1092 prolerre,
918 1013 1069 1091 quantam
1092 1009 1206 1074 sentire
1229 1028 1391 1092 possumus
1454 1017 1455 1026 ’

258 1115 290 1174 91
306 1129 368 1176 non
384 1112 526 1176 ualemus
547 1131 708 1196 exponere,
731 1117 881 1196 quantam
903 1118 1007 1197 potest
1029 1115 1181 1178 interimis
1206 1133 1296 1178 mens
1316 1115 1391 1177 desi·

262 1215 346 1280 derio
362 1215 512 1280 umefacto
529 1217 689 1298 concipere
705 1221 737 1280 et
752 1235 813 1281 non
829 1221 932 1300 potest
946 1219 1054 1302 lingua
1069 1219 1226 1282 exterioris
1243 1218 1389 1282 adserere.

301 1318 391 1384 Unde
420 1321 537 1403 gratias
569 1323 697 1404 agentes
726 1321 826 1403 ipsius
857 1322 996 1386 caritatis
1028 1324 1154 1402 auctori,
1185 1323 1238 1403 qni
1268 1322 1391 1385 eamin

257 1423 400 1488 cordibus
424 1425 538 1489 nostris
562 1429 610 1488 est
632 1425 778 1508 dignatus
801 1428 947 1507 inserere,
976 1443 1109 1506 oremus,
1136 1429 1172 1490 ut
1194 1425 1390 1508 praecipuum
1455 1427 1456 1446 ¹

206 1552 231 1592 ro
257 1545 332 1592 suae
354 1527 508 1612 largitatis
533 1547 647 1592 munus
670 1529 703 1592 in
725 1529 815 1594 nobis
839 1531 993 1595 custodire
1017 1549 1140 1613 semper
1162 1533 1195 1594 et
1215 1530 1329 1612 iugiter
1351 1529 1390 1591 di·

258 1635 371 1715 gnetur
402 1649 526 1716 augere,
559 1632 634 1714 quia
664 1633 750 1696 iuxta
779 1635 955 1716 apostolum
978 1634 1112 1698 Paulum
1142 1634 1211 1717 ipsa
1242 1637 1290 1697 est
1320 1633 1391 1696 emi·

257 1735 378 1800 nentior
407 1736 468 1816 uia,
499 1754 579 1817 quae
609 1736 693 1800 ducit
719 1737 758 1800 ad
780 1737 889 1802 uitam.
936 1737 1018 1820 quod
1041 1741 1192 1820 superest,
1223 1737 1391 1820 specialiter

258 1857 383 1921 quaeso,
407 1843 443 1904 ut
465 1841 623 1904 communi
646 1843 776 1922 patrono
796 1859 851 1924 pro
867 1841 957 1906 nobis
974 1841 1083 1906 cotidie
1099 1841 1290 1924 supplicetis,
1314 1841 1390 1922 qnia,
1455 1855 1456 1890 r

257 1943 338 2008 sicut
360 1943 473 2027 legitis,
498 1944 655 2008 multum
678 1945 780 2008 ualet
802 1946 920 2009 oratio
944 1945 1035 2010 iusti
1058 1945 1229 2024 adsidua,
1253 1947 1294 2024 et,
1315 1945 1390 2007 sicut

206 2071 230 2112 ra
257 2047 322 2128 ipse
350 2046 493 2111 dominus
517 2051 622 2112 noster
644 2049 676 2112 in
700 2049 862 2132 euangelio
886 2049 960 2113 dicit
981 2049 1019 2113 de
1042 2048 1106 2128 illo,
1137 2049 1190 2130 qui
1212 2051 1276 2112 tres
1299 2064 1390 2130 panes

257 2149 296 2214 ab
332 2151 430 2215 arnico
461 2169 517 2216 suo
549 2153 647 2216 noctis
677 2155 816 2236 tempore
847 2153 1023 2235 importune
1054 2152 1194 2234 quidem,
1229 2152 1282 2215 sed
1313 2151 1391 2214 salu·

256 2252 378 2319 briter.
397 2305 403 2318 .
422 2305 444 2334 .,
475 2255 555 2336 quod
579 2255 760 2338 inprobitati
783 2258 968 2340 praestitum
991 2257 1085 2320 fuerit
1107 2256 1291 2335 insistentis,
1315 2253 1390 2336 quod

258 2358 432 2441 negabatur
462 2359 607 2424 amicitiis
637 2358 817 2442 flagitantis.
863 2361 982 2443 reliqua
1010 2380 1065 2444 per
1091 2361 1273 2443 portitorem
1301 2358 1390 2422 uerbo

258 2461 414 2542 mandaui,
445 2481 524 2544 quae
551 2463 680 2547 longum
703 2463 763 2528 fuit
786 2465 897 2529 litteris
920 2465 1059 2546 indicari,
1091 2463 1183 2544 unde,
1212 2465 1290 2528 sieut
1311 2463 1387 2545 prin·

205 2591 231 2629 ιο
257 2565 372 2646 cipium
400 2566 552 2650 epistulae
576 2567 725 2648 continet,
756 2585 841 2652 rogo,
871 2573 906 2632 ut
927 2587 982 2652 pro
1005 2569 1152 2634 tarditate
1175 2569 1299 2632 ueniam
1322 2567 1389 2629 dare

258 2667 437 2752 dignemini.
482 2670 562 2734 nale.

769 2881 884 2944 XXXI.

411 3045 556 3089 numurus
582 3047 749 3089 metodorus
773 3048 947 3090 GAPILLU'I'O
971 3049 1054 3091 rimo
1077 3049 1232 3092 SALUTEX.

299 3186 422 3252 Gratias
453 3207 511 3272 ago
539 3190 648 3272 pietati
670 3195 804 3271 uestrae,
835 3192 916 3274 quod
939 3211 990 3256 me
1013 3193 1172 3258 consolare
1196 3194 1234 3257 de
1255 3193 1387 3257 ciuitatis

204 3317 229 3356 a
256 3291 449 3358 ordinatione
480 3293 663 3377 dignamini,
694 3313 766 3359 oum
797 3294 886 3361 uobis
917 3295 1058 3361 sufficere
1081 3297 1138 3361 deo
1161 3297 1291 3381 propitio
1313 3297 1386 3360 satis

256 3395 440 3479 abundeque
456 3398 590 3481 possitis.
627 3402 658 3462 et
673 3399 752 3479 ideo,
776 3400 860 3480 quia,
883 3400 936 3482 qui
958 3401 1047 3465 uobis
1069 3405 1099 3465 et
1114 3401 1263 3466 fratribus
1278 3401 1386 3465 uestris

361 3623 406 3692 11]
426 3625 440 3678 1
460 3623 519 3679 Cor.
533 3625 573 3689 12,
586 3627 628 3680 80.
682 3624 727 3694 14]
746 3623 799 3679 Iac.
813 3629 837 3691 5,
851 3627 891 3681 16.
947 3626 991 3696 15]
1010 3625 1073 3680 Luc.
1088 3629 1129 3691 11,
1142 3630 1166 3682 5.

302 3830 524 3901 lpreualebitS
575 3834 746 3890 acusantisS
796 3836 994 3903 5qusntumS
1044 3835 1252 3892 diutariorcsS
1299 3817 1386 3891 offis

256 3919 285 3988 S,
313 3919 409 3972 uestris
436 3939 452 3974 v
523 3922 555 3974 10
582 3937 630 3973 sua
651 3920 788 3989 largitatio
811 3941 827 3977 o
848 3923 880 3976 ia
906 3927 988 3990 10010,
1015 3937 1063 3976 sua
1089 3921 1197 3990 largitio
1226 3943 1241 3978 o
1266 3923 1295 3976 ἐκ
1317 3922 1386 3976 norb

257 4004 519 4062 11Pamumom.v
584 4010 616 4062 13
634 4023 682 4076 pro
700 4027 780 4064 09990
850 4007 1004 4064 cotidiaeS
1074 4012 1104 4064 17
1123 4009 1211 4078 petiit,
1229 4009 1284 4062 fleri
1302 4013 1386 4078 potest

254 4093 344 4161 suppl.
359 4093 543 4148 Memmio
595 4095 775 4162 prestitumS
819 4095 1008 4150 insistentesS
1054 4099 1086 4150 19
1099 4094 1244 4150 indicaret·
1287 4097 1385 4150 20191-

256 4176 354 4233 ditaS
421 4180 453 4234 21
474 4179 657 4247 dignirniniS
708 4183 741 4236 24
760 4180 928 4236 consuleres
981 4181 1097 4235 ciuitatis
1117 4184 1146 4248 S,
1164 4182 1289 4236 antistitis
1305 4181 1386 4236 Lea-

251 4264 367 4332 jalam,
386 4265 451 4318 ciuis
469 4265 530 4318 talis
549 4267 739 4336 Mammenses,
762 4269 833 4323 inter
853 4269 937 4324 uerbo
955 4267 1072 4322 ciuitatis
1090 4275 1115 4324 01
1136 4268 1300 4322 ordinatione
1319 4269 1386 4322 wei·

256 4351 326 4404 disee
344 4349 470 4404 electione
488 4355 515 4404 et
533 4359 621 4404 uestra
637 4355 793 4422 suspicatur
810 4355 861 4408 Kr.
914 4355 948 4408 26
966 4352 1118 4422 abundique
1137 4359 1160 4410 S
1211 4354 1266 4424 qui]
1283 4353 1355 4421 quod
1374 4374 1386 4406 r
