<?xml version="1.0" encoding="UTF-8"?>
<!DOCTYPE html PUBLIC "-//W3C//DTD XHTML 1.0 Transitional//EN"
    "http://www.w3.org/TR/xhtml1/DTD/xhtml1-transitional.dtd">
<html xmlns="http://www.w3.org/1999/xhtml" xml:lang="en" lang="en">
 <head>
  <title>
</title>
<meta http-equiv="Content-Type" content="text/html;charset=utf-8" />
  <meta name='ocr-system' content='tesseract 3.04.00' />
  <meta name='ocr-capabilities' content='ocr_page ocr_carea ocr_par ocr_line ocrx_word'/>
</head>
<body>
  <div class='ocr_page' id='page_1' title='image "./praetersermones00fausgoog/praetersermones00fausgoog_0079.png"; bbox 0 0 2920 4928; ppageno 0'>
   <div class='ocr_carea' id='block_1_1' title="bbox 515 391 1203 461">
    <p class='ocr_par' dir='ltr' id='par_1_1' title="bbox 515 391 1203 461">
     <span class='ocr_line' id='line_1_1' title="bbox 515 391 1203 461; baseline 0.001 -15"><span class='ocrx_word' id='word_1_1' title='bbox 515 391 755 461; x_wconf 85' lang='lat' dir='ltr'><strong>Prolegomena.</strong></span> <span class='ocrx_word' id='word_1_2' title='bbox 1116 393 1203 448; x_wconf 85' lang='lat' dir='ltr'>LXXI</span> 
     </span>
    </p>
   </div>
   <div class='ocr_carea' id='block_1_2' title="bbox 82 564 1206 2012">
    <p class='ocr_par' dir='ltr' id='par_1_2' title="bbox 82 564 1204 1696">
     <span class='ocr_line' id='line_1_2' title="bbox 84 564 1202 652; baseline 0.003 -22"><span class='ocrx_word' id='word_1_3' title='bbox 84 564 192 631; x_wconf 77' lang='lat' dir='ltr'>Ruricio</span> <span class='ocrx_word' id='word_1_4' title='bbox 211 567 309 632; x_wconf 83' lang='lat' dir='ltr'><strong>frater</strong></span> <span class='ocrx_word' id='word_1_5' title='bbox 329 568 513 650; x_wconf 86' lang='lat' dir='ltr'><strong>appellatur,</strong></span> <span class='ocrx_word' id='word_1_6' title='bbox 534 586 719 652; x_wconf 88' lang='lat' dir='ltr'><strong>germanum</strong></span> <span class='ocrx_word' id='word_1_7' title='bbox 739 569 805 632; x_wconf 88' lang='lat' dir='ltr'><strong>eins</strong></span> <span class='ocrx_word' id='word_1_8' title='bbox 826 569 932 634; x_wconf 86' lang='lat' dir='ltr'><strong>luisse.</strong></span> <span class='ocrx_word' id='word_1_9' title='bbox 967 569 1073 634; x_wconf 83' lang='lat' dir='ltr'><strong>Fausti</strong></span> <span class='ocrx_word' id='word_1_10' title='bbox 1097 573 1202 634; x_wconf 88' lang='lat' dir='ltr'><strong>autern</strong></span> 
     </span>
     <span class='ocr_line' id='line_1_3' title="bbox 85 669 1203 757; baseline 0.004 -25"><span class='ocrx_word' id='word_1_11' title='bbox 85 669 168 734; x_wconf 84' lang='lat' dir='ltr'><strong>uerba</strong></span> <span class='ocrx_word' id='word_1_12' title='bbox 194 671 268 754; x_wconf 83' lang='lat' dir='ltr'><strong>quin</strong></span> <span class='ocrx_word' id='word_1_13' title='bbox 300 671 338 736; x_wconf 91' lang='lat' dir='ltr'><strong>de</strong></span> <span class='ocrx_word' id='word_1_14' title='bbox 364 671 493 737; x_wconf 81' lang='lat' dir='ltr'><strong>Leontio</strong></span> <span class='ocrx_word' id='word_1_15' title='bbox 516 672 634 737; x_wconf 78' lang='lat' dir='ltr'><strong>Ruricii</strong></span> <span class='ocrx_word' id='word_1_16' title='bbox 664 673 725 736; x_wconf 90' lang='lat' dir='ltr'><strong>filio</strong></span> <span class='ocrx_word' id='word_1_17' title='bbox 756 673 967 757; x_wconf 86' lang='lat' dir='ltr'><strong>intellegenda</strong></span> <span class='ocrx_word' id='word_1_18' title='bbox 996 675 1068 754; x_wconf 89' lang='lat' dir='ltr'><strong>siut,</strong></span> <span class='ocrx_word' id='word_1_19' title='bbox 1098 673 1203 737; x_wconf 88' lang='lat' dir='ltr'><strong>nullus</strong></span> 
     </span>
     <span class='ocr_line' id='line_1_4' title="bbox 84 773 1201 862; baseline 0.002 -26"><span class='ocrx_word' id='word_1_20' title='bbox 84 773 185 840; x_wconf 89' lang='lat' dir='ltr'><strong>dubito.</strong></span> <span class='ocrx_word' id='word_1_21' title='bbox 222 777 325 861; x_wconf 85' lang='lat' dir='ltr'><strong>pergit</strong></span> <span class='ocrx_word' id='word_1_22' title='bbox 339 776 515 841; x_wconf 90' lang='lat' dir='ltr'><strong>Kruschius</strong></span> <span class='ocrx_word' id='word_1_23' title='bbox 537 779 558 842; x_wconf 96' lang='lat' dir='ltr'><strong>l.</strong></span> <span class='ocrx_word' id='word_1_24' title='bbox 575 778 611 840; x_wconf 92' lang='lat' dir='ltr'><strong>l.:</strong></span> <span class='ocrx_word' id='word_1_25' title='bbox 636 797 713 860; x_wconf 81' lang='lat' dir='ltr'><strong>quos</strong></span> <span class='ocrx_word' id='word_1_26' title='bbox 727 775 821 858; x_wconf 85' lang='lat' dir='ltr'><strong>fllics</strong></span> <span class='ocrx_word' id='word_1_27' title='bbox 844 775 991 862; x_wconf 80' lang='lat' dir='ltr'><strong>appellat</strong></span> <span class='ocrx_word' id='word_1_28' title='bbox 1009 776 1201 862; x_wconf 77' lang='lat' dir='ltr'><strong>(Ruricius)</strong></span> 
     </span>
     <span class='ocr_line' id='line_1_5' title="bbox 84 877 1202 968; baseline 0.004 -28"><span class='ocrx_word' id='word_1_29' title='bbox 84 877 247 958; x_wconf 76' lang='lat' dir='ltr'><em>Leontium,</em></span> <span class='ocrx_word' id='word_1_30' title='bbox 271 880 452 958; x_wconf 73' lang='lat' dir='ltr'><strong><em>Rusticum,</em></strong></span> <span class='ocrx_word' id='word_1_31' title='bbox 479 879 645 958; x_wconf 81' lang='lat' dir='ltr'><strong>Seuerum,</strong></span> <span class='ocrx_word' id='word_1_32' title='bbox 675 881 791 966; x_wconf 81' lang='lat' dir='ltr'><strong>quaeri</strong></span> <span class='ocrx_word' id='word_1_33' title='bbox 813 891 928 968; x_wconf 79' lang='lat' dir='ltr'><strong>potest,</strong></span> <span class='ocrx_word' id='word_1_34' title='bbox 955 904 1032 944; x_wconf 84' lang='lat' dir='ltr'><strong>uum</strong></span> <span class='ocrx_word' id='word_1_35' title='bbox 1054 879 1202 945; x_wconf 80' lang='lat' dir='ltr'><strong>caraulas</strong></span> 
     </span>
     <span class='ocr_line' id='line_1_6' title="bbox 85 981 1204 1070; baseline 0.007 -28"><span class='ocrx_word' id='word_1_36' title='bbox 85 981 241 1070; x_wconf 69' lang='lat' dir='ltr'><strong>inculteque.</strong></span> <span class='ocrx_word' id='word_1_37' title='bbox 282 989 315 1050; x_wconf 89' lang='lat' dir='ltr'><strong>at</strong></span> <span class='ocrx_word' id='word_1_38' title='bbox 340 985 436 1050; x_wconf 87' lang='lat' dir='ltr'><strong>fuisse</strong></span> <span class='ocrx_word' id='word_1_39' title='bbox 460 987 623 1050; x_wconf 79' lang='lat' dir='ltr'><strong>Leontium</strong></span> <span class='ocrx_word' id='word_1_40' title='bbox 651 1005 761 1050; x_wconf 89' lang='lat' dir='ltr'><strong>reuera</strong></span> <span class='ocrx_word' id='word_1_41' title='bbox 787 986 887 1050; x_wconf 90' lang='lat' dir='ltr'><strong>filiurn</strong></span> <span class='ocrx_word' id='word_1_42' title='bbox 909 988 1066 1051; x_wconf 89' lang='lat' dir='ltr'><strong>carnalem</strong></span> <span class='ocrx_word' id='word_1_43' title='bbox 1088 987 1204 1052; x_wconf 85' lang='lat' dir='ltr'><strong>Ruricii</strong></span> 
     </span>
     <span class='ocr_line' id='line_1_7' title="bbox 83 1089 1204 1175; baseline 0.004 -25"><span class='ocrx_word' id='word_1_44' title='bbox 83 1106 166 1170; x_wconf 89' lang='lat' dir='ltr'><strong>supra</strong></span> <span class='ocrx_word' id='word_1_45' title='bbox 186 1089 390 1171; x_wconf 86' lang='lat' dir='ltr'><strong>ostendimus,</strong></span> <span class='ocrx_word' id='word_1_46' title='bbox 415 1093 523 1156; x_wconf 88' lang='lat' dir='ltr'><strong>contra</strong></span> <span class='ocrx_word' id='word_1_47' title='bbox 545 1091 692 1155; x_wconf 80' lang='lat' dir='ltr'><strong>Rusticus</strong></span> <span class='ocrx_word' id='word_1_48' title='bbox 717 1095 749 1155; x_wconf 89' lang='lat' dir='ltr'><strong>et</strong></span> <span class='ocrx_word' id='word_1_49' title='bbox 771 1090 904 1156; x_wconf 87' lang='lat' dir='ltr'><strong>Seuerus</strong></span> <span class='ocrx_word' id='word_1_50' title='bbox 927 1108 989 1156; x_wconf 91' lang='lat' dir='ltr'><strong>uon</strong></span> <span class='ocrx_word' id='word_1_51' title='bbox 1017 1091 1117 1175; x_wconf 86' lang='lat' dir='ltr'><strong>magis</strong></span> <span class='ocrx_word' id='word_1_52' title='bbox 1140 1091 1204 1155; x_wconf 91' lang='lat' dir='ltr'><strong>Ru-</strong></span> 
     </span>
     <span class='ocr_line' id='line_1_8' title="bbox 82 1194 1204 1280; baseline 0.004 -24"><span class='ocrx_word' id='word_1_53' title='bbox 82 1194 140 1257; x_wconf 89' lang='lat' dir='ltr'><strong>ricii</strong></span> <span class='ocrx_word' id='word_1_54' title='bbox 160 1195 211 1258; x_wconf 85' lang='lat' dir='ltr'><strong>lilii</strong></span> <span class='ocrx_word' id='word_1_55' title='bbox 234 1199 333 1276; x_wconf 87' lang='lat' dir='ltr'><strong>erant,</strong></span> <span class='ocrx_word' id='word_1_56' title='bbox 358 1213 452 1277; x_wconf 88' lang='lat' dir='ltr'><strong>quam</strong></span> <span class='ocrx_word' id='word_1_57' title='bbox 475 1197 657 1279; x_wconf 67' lang='lat' dir='ltr'><strong>Hesperius</strong></span> <span class='ocrx_word' id='word_1_58' title='bbox 681 1197 864 1280; x_wconf 84' lang='lat' dir='ltr'><strong>(lapillutns,</strong></span> <span class='ocrx_word' id='word_1_59' title='bbox 893 1196 1079 1276; x_wconf 54' lang='lat' dir='ltr'><strong>Praesidium</strong></span> <span class='ocrx_word' id='word_1_60' title='bbox 1103 1195 1204 1260; x_wconf 88' lang='lat' dir='ltr'><strong>Uitta-</strong></span> 
     </span>
     <span class='ocr_line' id='line_1_9' title="bbox 82 1300 1204 1384; baseline 0.004 -24"><span class='ocrx_word' id='word_1_61' title='bbox 82 1317 174 1362; x_wconf 89' lang='lat' dir='ltr'><strong>merus</strong></span> <span class='ocrx_word' id='word_1_62' title='bbox 204 1301 255 1364; x_wconf 86' lang='lat' dir='ltr'><strong>alii</strong></span> <span class='ocrx_word' id='word_1_63' title='bbox 278 1318 297 1364; x_wconf 86' lang='lat' dir='ltr'><strong>a</strong></span> <span class='ocrx_word' id='word_1_64' title='bbox 318 1300 442 1365; x_wconf 90' lang='lat' dir='ltr'><strong>Ruricio</strong></span> <span class='ocrx_word' id='word_1_65' title='bbox 472 1300 528 1364; x_wconf 87' lang='lat' dir='ltr'><strong>filii</strong></span> <span class='ocrx_word' id='word_1_66' title='bbox 557 1300 715 1384; x_wconf 88' lang='lat' dir='ltr'><strong>appellati.</strong></span> <span class='ocrx_word' id='word_1_67' title='bbox 754 1302 851 1364; x_wconf 90' lang='lat' dir='ltr'><strong>immo</strong></span> <span class='ocrx_word' id='word_1_68' title='bbox 882 1319 955 1365; x_wconf 90' lang='lat' dir='ltr'><strong>uero</strong></span> <span class='ocrx_word' id='word_1_69' title='bbox 978 1301 1074 1384; x_wconf 90' lang='lat' dir='ltr'><strong>patris</strong></span> <span class='ocrx_word' id='word_1_70' title='bbox 1098 1300 1204 1365; x_wconf 89' lang='lat' dir='ltr'><strong>Seueri</strong></span> 
     </span>
     <span class='ocr_line' id='line_1_10' title="bbox 82 1402 1204 1490; baseline 0.001 -24"><span class='ocrx_word' id='word_1_71' title='bbox 82 1402 210 1468; x_wconf 83' lang='lat' dir='ltr'><strong>Ruricius</strong></span> <span class='ocrx_word' id='word_1_72' title='bbox 233 1406 300 1488; x_wconf 88' lang='lat' dir='ltr'><strong>ipse</strong></span> <span class='ocrx_word' id='word_1_73' title='bbox 323 1405 515 1470; x_wconf 87' lang='lat' dir='ltr'><strong>mentionem</strong></span> <span class='ocrx_word' id='word_1_74' title='bbox 537 1406 613 1470; x_wconf 84' lang='lat' dir='ltr'><strong>facit</strong></span> <span class='ocrx_word' id='word_1_75' title='bbox 634 1425 664 1486; x_wconf 88' lang='lat' dir='ltr'><strong>p.</strong></span> <span class='ocrx_word' id='word_1_76' title='bbox 680 1403 790 1485; x_wconf 82' lang='grc'>439,7</span> <span class='ocrx_word' id='word_1_77' title='bbox 814 1426 890 1490; x_wconf 77' lang='lat' dir='ltr'><strong>erpa</strong></span> <span class='ocrx_word' id='word_1_78' title='bbox 912 1426 959 1467; x_wconf 87' lang='lat' dir='ltr'><strong>mc</strong></span> <span class='ocrx_word' id='word_1_79' title='bbox 981 1403 1079 1466; x_wconf 82' lang='lat' dir='ltr'><strong>borrae</strong></span> <span class='ocrx_word' id='word_1_80' title='bbox 1098 1425 1204 1468; x_wconf 87' lang='lat' dir='ltr'><strong>memo·</strong></span> 
     </span>
     <span class='ocr_line' id='line_1_11' title="bbox 84 1507 1204 1592; baseline 0.006 -27"><span class='ocrx_word' id='word_1_81' title='bbox 84 1507 146 1570; x_wconf 85' lang='lat' dir='ltr'><strong>rios</strong></span> <span class='ocrx_word' id='word_1_82' title='bbox 167 1508 299 1592; x_wconf 81' lang='lat' dir='ltr'><strong>patris</strong></span> <span class='ocrx_word' id='word_1_83' title='bbox 326 1508 452 1572; x_wconf 87' lang='lat' dir='ltr'><strong>uestri</strong></span> <span class='ocrx_word' id='word_1_84' title='bbox 478 1531 541 1572; x_wconf 80' lang='lat' dir='ltr'><strong>mora</strong></span> <span class='ocrx_word' id='word_1_85' title='bbox 565 1507 668 1572; x_wconf 85' lang='lat' dir='ltr'><strong>solum</strong></span> <span class='ocrx_word' id='word_1_86' title='bbox 691 1508 847 1586; x_wconf 82' lang='lat' dir='ltr'><strong>reticetis,</strong></span> <span class='ocrx_word' id='word_1_87' title='bbox 874 1508 930 1572; x_wconf 81' lang='lat' dir='ltr'><strong>scd</strong></span> <span class='ocrx_word' id='word_1_88' title='bbox 957 1509 1053 1572; x_wconf 84' lang='lat' dir='ltr'><strong>etium</strong></span> <span class='ocrx_word' id='word_1_89' title='bbox 1076 1509 1204 1572; x_wconf 81' lang='lat' dir='ltr'><strong>misistis</strong></span> 
     </span>
     <span class='ocr_line' id='line_1_12' title="bbox 82 1609 226 1696; baseline 0.028 -26"><span class='ocrx_word' id='word_1_90' title='bbox 82 1609 226 1696; x_wconf 83' lang='lat' dir='ltr'><strong>offertum</strong></span> 
     </span>
    </p>

    <p class='ocr_par' dir='ltr' id='par_1_3' title="bbox 82 1716 1206 1906">
     <span class='ocr_line' id='line_1_13' title="bbox 120 1716 1206 1802; baseline 0.001 -21"><span class='ocrx_word' id='word_1_91' title='bbox 120 1716 198 1796; x_wconf 82' lang='lat' dir='ltr'><strong>Quae</strong></span> <span class='ocrx_word' id='word_1_92' title='bbox 231 1719 283 1782; x_wconf 92' lang='lat' dir='ltr'><strong>hic</strong></span> <span class='ocrx_word' id='word_1_93' title='bbox 317 1719 562 1802; x_wconf 83' lang='lat' dir='ltr'><strong>disputauimus,</strong></span> <span class='ocrx_word' id='word_1_94' title='bbox 602 1722 637 1782; x_wconf 91' lang='lat' dir='ltr'><strong>ut</strong></span> <span class='ocrx_word' id='word_1_95' title='bbox 674 1719 785 1783; x_wconf 91' lang='lat' dir='ltr'><strong>melius</strong></span> <span class='ocrx_word' id='word_1_96' title='bbox 820 1719 1055 1802; x_wconf 88' lang='lat' dir='ltr'><strong>intellegantur,</strong></span> <span class='ocrx_word' id='word_1_97' title='bbox 1089 1719 1206 1782; x_wconf 85' lang='lat' dir='ltr'><strong>Ruricii</strong></span> 
     </span>
     <span class='ocr_line' id='line_1_14' title="bbox 82 1823 491 1906; baseline 0.01 -24"><span class='ocrx_word' id='word_1_98' title='bbox 82 1823 204 1886; x_wconf 84' lang='lat' dir='ltr'><strong>stemma</strong></span> <span class='ocrx_word' id='word_1_99' title='bbox 226 1823 361 1906; x_wconf 88' lang='lat' dir='ltr'><strong>depingo</strong></span> <span class='ocrx_word' id='word_1_100' title='bbox 383 1823 491 1887; x_wconf 90' lang='lat' dir='ltr'><strong>hocce:</strong></span> 
     </span>
    </p>

    <p class='ocr_par' dir='ltr' id='par_1_4' title="bbox 255 1942 1076 2012">
     <span class='ocr_line' id='line_1_15' title="bbox 255 1942 1076 2012; baseline -0.001 -17"><span class='ocrx_word' id='word_1_101' title='bbox 255 1943 356 1996; x_wconf 83' lang='lat' dir='ltr'><strong>Ruricii</strong></span> <span class='ocrx_word' id='word_1_102' title='bbox 375 1946 450 2012; x_wconf 86' lang='lat' dir='ltr'><strong>pater</strong></span> <span class='ocrx_word' id='word_1_103' title='bbox 561 1942 711 1996; x_wconf 79' lang='lat' dir='ltr'><strong>Ommatius</strong></span> <span class='ocrx_word' id='word_1_104' title='bbox 730 1942 865 1996; x_wconf 87' lang='lat' dir='ltr'><strong>Aruernus</strong></span> <span class='ocrx_word' id='word_1_105' title='bbox 885 1942 985 1996; x_wconf 89' lang='lat' dir='ltr'><strong>Ruricii</strong></span> <span class='ocrx_word' id='word_1_106' title='bbox 1004 1957 1076 1995; x_wconf 89' lang='lat' dir='ltr'><strong>socer</strong></span> 
     </span>
    </p>
   </div>
   <div class='ocr_carea' id='block_1_3' title="bbox 351 2013 634 2093">
    <p class='ocr_par' dir='ltr' id='par_1_5' title="bbox 351 2013 634 2093">
     <span class='ocr_line' id='line_1_16' title="bbox 351 2013 634 2093; baseline 0 -12"><span class='ocrx_word' id='word_1_107' title='bbox 351 2013 356 2093; x_wconf 88' lang='grc' dir='ltr'>Ι</span> <span class='ocrx_word' id='word_1_108' title='bbox 631 2013 634 2081; x_wconf 90' lang='lat' dir='ltr'><strong>l</strong></span> 
     </span>
    </p>
   </div>
   <div class='ocr_carea' id='block_1_4' title="bbox 291 2081 760 2145">
    <p class='ocr_par' dir='ltr' id='par_1_6' title="bbox 291 2081 760 2145">
     <span class='ocr_line' id='line_1_17' title="bbox 291 2081 760 2145; baseline 0 -11"><span class='ocrx_word' id='word_1_109' title='bbox 291 2081 415 2136; x_wconf 89' lang='lat' dir='ltr'><strong>Rurrcius</strong></span> <span class='ocrx_word' id='word_1_110' title='bbox 466 2087 496 2145; x_wconf 86' lang='grc'><strong>&gt;&lt;</strong></span> <span class='ocrx_word' id='word_1_111' title='bbox 551 2081 638 2135; x_wconf 80' lang='lat' dir='ltr'><strong>Iberia</strong></span> <span class='ocrx_word' id='word_1_112' title='bbox 657 2098 720 2135; x_wconf 83' lang='lat' dir='ltr'><strong>uuor</strong></span> <span class='ocrx_word' id='word_1_113' title='bbox 756 2111 760 2120; x_wconf 93' lang='lat'>·</span> 
     </span>
    </p>
   </div>
   <div class='ocr_carea' id='block_1_5' title="bbox 10 2224 1278 2325">
    <p class='ocr_par' dir='ltr' id='par_1_7' title="bbox 10 2224 1278 2325">
     <span class='ocr_line' id='line_1_18' title="bbox 10 2224 1278 2325; baseline 0.004 -20"><span class='ocrx_word' id='word_1_114' title='bbox 10 2224 1004 2325; x_wconf 50' lang='lat' dir='ltr'><strong>‘mm</strong></span> <span class='ocrx_word' id='word_1_115' title='bbox 1015 2260 1044 2320; x_wconf 90' lang='lat'><strong>&gt;&lt;</strong></span> <span class='ocrx_word' id='word_1_116' title='bbox 1055 2255 1180 2324; x_wconf 77' lang='lat' dir='ltr'><strong>Agricola</strong></span> <span class='ocrx_word' id='word_1_117' title='bbox 1197 2272 1278 2324; x_wconf 87' lang='lat' dir='ltr'><strong>gener</strong></span> 
     </span>
    </p>
   </div>
   <div class='ocr_carea' id='block_1_6' title="bbox 159 2395 1312 2464">
    <p class='ocr_par' dir='ltr' id='par_1_8' title="bbox 159 2395 1312 2464">
     <span class='ocr_line' id='line_1_19' title="bbox 159 2395 1312 2464; baseline 0.001 -16"><span class='ocrx_word' id='word_1_118' title='bbox 159 2395 279 2448; x_wconf 84' lang='lat' dir='ltr'><strong>Ruricius</strong></span> <span class='ocrx_word' id='word_1_119' title='bbox 297 2410 386 2464; x_wconf 87' lang='lat' dir='ltr'><strong>nepos,</strong></span> <span class='ocrx_word' id='word_1_120' title='bbox 405 2395 476 2448; x_wconf 90' lang='lat' dir='ltr'><strong>filius</strong></span> <span class='ocrx_word' id='word_1_121' title='bbox 495 2395 582 2448; x_wconf 88' lang='lat' dir='ltr'><strong>nescio</strong></span> <span class='ocrx_word' id='word_1_122' title='bbox 602 2395 675 2448; x_wconf 91' lang='lat' dir='ltr'><strong>cuius</strong></span> <span class='ocrx_word' id='word_1_123' title='bbox 950 2395 1110 2448; x_wconf 88' lang='lat' dir='ltr'><strong>Parthenius</strong></span> <span class='ocrx_word' id='word_1_124' title='bbox 1121 2399 1150 2457; x_wconf 86' lang='lat'><strong>&gt;&lt;</strong></span> <span class='ocrx_word' id='word_1_125' title='bbox 1163 2395 1312 2464; x_wconf 85' lang='lat' dir='ltr'><strong>Papianilla</strong></span> 
     </span>
    </p>
   </div>
   <div class='ocr_carea' id='block_1_7' title="bbox 1009 2533 1259 2603">
    <p class='ocr_par' dir='ltr' id='par_1_9' title="bbox 1009 2533 1259 2603">
     <span class='ocr_line' id='line_1_20' title="bbox 1009 2533 1259 2603; baseline 0 -17"><span class='ocrx_word' id='word_1_126' title='bbox 1009 2533 1112 2587; x_wconf 89' lang='lat' dir='ltr'><strong>Ruricii</strong></span> <span class='ocrx_word' id='word_1_127' title='bbox 1130 2550 1259 2603; x_wconf 88' lang='lat' dir='ltr'><strong>pronepos</strong></span> 
     </span>
    </p>
   </div>
   <div class='ocr_carea' id='block_1_8' title="bbox 82 2655 1208 4407">
    <p class='ocr_par' dir='ltr' id='par_1_10' title="bbox 82 2655 1206 2828">
     <span class='ocr_line' id='line_1_21' title="bbox 83 2655 1206 2738; baseline 0.002 -18"><span class='ocrx_word' id='word_1_128' title='bbox 83 2655 133 2720; x_wconf 85' lang='lat' dir='ltr'><strong>cu</strong></span> <span class='ocrx_word' id='word_1_129' title='bbox 153 2659 312 2723; x_wconf 84' lang='lat' dir='ltr'><strong>stemmati</strong></span> <span class='ocrx_word' id='word_1_130' title='bbox 343 2659 420 2722; x_wconf 89' lang='lat' dir='ltr'><strong>adde</strong></span> <span class='ocrx_word' id='word_1_131' title='bbox 443 2677 557 2722; x_wconf 91' lang='lat' dir='ltr'><strong>nomen</strong></span> <span class='ocrx_word' id='word_1_132' title='bbox 580 2657 663 2722; x_wconf 87' lang='lat' dir='ltr'><strong>filiae</strong></span> <span class='ocrx_word' id='word_1_133' title='bbox 686 2657 823 2722; x_wconf 88' lang='lat' dir='ltr'><strong>Namatii</strong></span> <span class='ocrx_word' id='word_1_134' title='bbox 852 2661 882 2721; x_wconf 90' lang='lat' dir='ltr'><strong>et</strong></span> <span class='ocrx_word' id='word_1_135' title='bbox 905 2656 1084 2738; x_wconf 80' lang='lat' dir='ltr'><strong>Ceraunios,</strong></span> <span class='ocrx_word' id='word_1_136' title='bbox 1116 2659 1206 2722; x_wconf 90' lang='lat' dir='ltr'><strong>unius</strong></span> 
     </span>
     <span class='ocr_line' id='line_1_22' title="bbox 82 2761 473 2828; baseline 0.01 -6"><span class='ocrx_word' id='word_1_137' title='bbox 82 2781 112 2824; x_wconf 87' lang='lat' dir='ltr'><strong>er</strong></span> <span class='ocrx_word' id='word_1_138' title='bbox 134 2761 199 2827; x_wconf 85' lang='lat' dir='ltr'><strong>filiis</strong></span> <span class='ocrx_word' id='word_1_139' title='bbox 220 2764 337 2828; x_wconf 84' lang='lat' dir='ltr'><strong>Rmicii</strong></span> <span class='ocrx_word' id='word_1_140' title='bbox 359 2763 473 2826; x_wconf 80' lang='lat' dir='ltr'><strong>uxoris.</strong></span> 
     </span>
    </p>

    <p class='ocr_par' dir='ltr' id='par_1_11' title="bbox 82 2865 1208 4080">
     <span class='ocr_line' id='line_1_23' title="bbox 119 2865 1206 2951; baseline 0 -21"><span class='ocrx_word' id='word_1_141' title='bbox 119 2866 253 2933; x_wconf 87' lang='lat' dir='ltr'><strong>Ruricius</strong></span> <span class='ocrx_word' id='word_1_142' title='bbox 286 2868 410 2951; x_wconf 90' lang='lat' dir='ltr'><strong>scripsit</strong></span> <span class='ocrx_word' id='word_1_143' title='bbox 440 2867 590 2950; x_wconf 89' lang='lat' dir='ltr'><strong>epistulas</strong></span> <span class='ocrx_word' id='word_1_144' title='bbox 620 2867 652 2930; x_wconf 92' lang='lat' dir='ltr'><strong>in</strong></span> <span class='ocrx_word' id='word_1_145' title='bbox 676 2867 752 2932; x_wconf 90' lang='lat' dir='ltr'><strong>duos</strong></span> <span class='ocrx_word' id='word_1_146' title='bbox 776 2865 871 2931; x_wconf 85' lang='lat' dir='ltr'><strong>libros</strong></span> <span class='ocrx_word' id='word_1_147' title='bbox 894 2867 1045 2946; x_wconf 86' lang='lat' dir='ltr'><strong>redactas,</strong></span> <span class='ocrx_word' id='word_1_148' title='bbox 1077 2883 1206 2946; x_wconf 90' lang='lat' dir='ltr'><strong>quorum</strong></span> 
     </span>
     <span class='ocr_line' id='line_1_24' title="bbox 82 2967 1207 3055; baseline 0.002 -24"><span class='ocrx_word' id='word_1_149' title='bbox 82 2969 155 3048; x_wconf 88' lang='lat' dir='ltr'><strong>prior</strong></span> <span class='ocrx_word' id='word_1_150' title='bbox 175 2974 314 3037; x_wconf 91' lang='lat' dir='ltr'><strong>continet</strong></span> <span class='ocrx_word' id='word_1_151' title='bbox 337 2971 486 3055; x_wconf 85' lang='lat' dir='ltr'><strong>epistulas</strong></span> <span class='ocrx_word' id='word_1_152' title='bbox 513 2969 562 3051; x_wconf 78' lang='lat'><strong>18,</strong></span> <span class='ocrx_word' id='word_1_153' title='bbox 593 2972 744 3054; x_wconf 90' lang='lat' dir='ltr'><strong>posterior</strong></span> <span class='ocrx_word' id='word_1_154' title='bbox 767 2969 809 3033; x_wconf 81' lang='lat'><strong>65</strong></span> <span class='ocrx_word' id='word_1_155' title='bbox 831 2971 882 3034; x_wconf 89' lang='lat' dir='ltr'><strong>uel</strong></span> <span class='ocrx_word' id='word_1_156' title='bbox 906 2967 957 3048; x_wconf 85' lang='lat'><strong>64,</strong></span> <span class='ocrx_word' id='word_1_157' title='bbox 989 2971 1015 3034; x_wconf 90' lang='lat' dir='ltr'><strong>si</strong></span> <span class='ocrx_word' id='word_1_158' title='bbox 1043 2971 1207 3053; x_wconf 87' lang='lat' dir='ltr'><strong>epistulam</strong></span> 
     </span>
     <span class='ocr_line' id='line_1_25' title="bbox 82 3071 1207 3158; baseline 0.004 -24"><span class='ocrx_word' id='word_1_159' title='bbox 82 3071 127 3152; x_wconf 81' lang='grc'><strong>53,</strong></span> <span class='ocrx_word' id='word_1_160' title='bbox 148 3095 224 3158; x_wconf 89' lang='lat' dir='ltr'><strong>quae</strong></span> <span class='ocrx_word' id='word_1_161' title='bbox 247 3077 286 3140; x_wconf 89' lang='lat' dir='ltr'><strong>ad</strong></span> <span class='ocrx_word' id='word_1_162' title='bbox 310 3075 443 3140; x_wconf 90' lang='lat' dir='ltr'><strong>uerbum</strong></span> <span class='ocrx_word' id='word_1_163' title='bbox 458 3075 624 3140; x_wconf 83' lang='lat' dir='ltr'><strong>concordat</strong></span> <span class='ocrx_word' id='word_1_164' title='bbox 640 3094 711 3139; x_wconf 93' lang='lat' dir='ltr'><strong>cum</strong></span> <span class='ocrx_word' id='word_1_165' title='bbox 728 3093 774 3157; x_wconf 92' lang='lat' dir='ltr'><strong>ep.</strong></span> <span class='ocrx_word' id='word_1_166' title='bbox 795 3071 845 3155; x_wconf 80' lang='lat'><strong>12,</strong></span> <span class='ocrx_word' id='word_1_167' title='bbox 868 3074 987 3138; x_wconf 89' lang='lat' dir='ltr'><strong>librarii</strong></span> <span class='ocrx_word' id='word_1_168' title='bbox 1003 3092 1105 3138; x_wconf 90' lang='lat' dir='ltr'><strong>errore</strong></span> <span class='ocrx_word' id='word_1_169' title='bbox 1120 3094 1207 3158; x_wconf 93' lang='lat' dir='ltr'><strong>repe-</strong></span> 
     </span>
     <span class='ocr_line' id='line_1_26' title="bbox 82 3177 1207 3262; baseline 0.003 -23"><span class='ocrx_word' id='word_1_170' title='bbox 82 3179 161 3243; x_wconf 83' lang='lat' dir='ltr'><strong>titam</strong></span> <span class='ocrx_word' id='word_1_171' title='bbox 186 3201 253 3246; x_wconf 90' lang='lat' dir='ltr'><strong>esse</strong></span> <span class='ocrx_word' id='word_1_172' title='bbox 281 3199 353 3244; x_wconf 86' lang='lat' dir='ltr'><strong>cunr</strong></span> <span class='ocrx_word' id='word_1_173' title='bbox 376 3180 533 3244; x_wconf 87' lang='lat' dir='ltr'><strong>Kruschio</strong></span> <span class='ocrx_word' id='word_1_174' title='bbox 561 3180 728 3248; x_wconf 83' lang='lat' dir='ltr'><strong>existimas.</strong></span> <span class='ocrx_word' id='word_1_175' title='bbox 769 3179 881 3262; x_wconf 88' lang='lat' dir='ltr'><strong>quibus</strong></span> <span class='ocrx_word' id='word_1_176' title='bbox 910 3178 1068 3243; x_wconf 89' lang='lat' dir='ltr'><strong>addendae</strong></span> <span class='ocrx_word' id='word_1_177' title='bbox 1092 3177 1207 3242; x_wconf 77' lang='lat' dir='ltr'><strong>suntss</strong></span> 
     </span>
     <span class='ocr_line' id='line_1_27' title="bbox 82 3281 1208 3368; baseline 0.004 -26"><span class='ocrx_word' id='word_1_178' title='bbox 82 3284 220 3364; x_wconf 85' lang='lat' dir='ltr'><strong>epistulae</strong></span> <span class='ocrx_word' id='word_1_179' title='bbox 244 3285 283 3349; x_wconf 89' lang='lat' dir='ltr'><strong>ad</strong></span> <span class='ocrx_word' id='word_1_180' title='bbox 307 3285 467 3350; x_wconf 89' lang='lat' dir='ltr'><strong>Ruricium</strong></span> <span class='ocrx_word' id='word_1_181' title='bbox 490 3285 625 3368; x_wconf 84' lang='lat' dir='ltr'><strong>scriptae</strong></span> <span class='ocrx_word' id='word_1_182' title='bbox 648 3283 692 3366; x_wconf 87' lang='lat' dir='ltr'><strong>(p.</strong></span> <span class='ocrx_word' id='word_1_183' title='bbox 708 3281 894 3366; x_wconf 78' lang='lat'>443-450)</span> <span class='ocrx_word' id='word_1_184' title='bbox 919 3287 950 3347; x_wconf 89' lang='lat' dir='ltr'><strong>et</strong></span> <span class='ocrx_word' id='word_1_185' title='bbox 971 3283 992 3346; x_wconf 81' lang='lat'>5</span> <span class='ocrx_word' id='word_1_186' title='bbox 1015 3283 1121 3348; x_wconf 80' lang='lat' dir='ltr'><strong>Fausti</strong></span> <span class='ocrx_word' id='word_1_187' title='bbox 1145 3285 1208 3367; x_wconf 90' lang='lat' dir='ltr'><strong>epi-</strong></span> 
     </span>
     <span class='ocr_line' id='line_1_28' title="bbox 83 3385 1208 3472; baseline 0.004 -26"><span class='ocrx_word' id='word_1_188' title='bbox 83 3388 171 3452; x_wconf 86' lang='lat' dir='ltr'><strong>stulae</strong></span> <span class='ocrx_word' id='word_1_189' title='bbox 194 3390 230 3454; x_wconf 88' lang='lat' dir='ltr'><strong>ad</strong></span> <span class='ocrx_word' id='word_1_190' title='bbox 246 3389 406 3454; x_wconf 89' lang='lat' dir='ltr'><strong>Ruricium</strong></span> <span class='ocrx_word' id='word_1_191' title='bbox 430 3385 522 3454; x_wconf 85' lang='lat' dir='ltr'><strong>datae</strong></span> <span class='ocrx_word' id='word_1_192' title='bbox 546 3386 588 3470; x_wconf 91' lang='lat' dir='ltr'><strong>(p.</strong></span> <span class='ocrx_word' id='word_1_193' title='bbox 607 3385 801 3472; x_wconf 77' lang='lat' dir='ltr'><strong>scs-219).</strong></span> <span class='ocrx_word' id='word_1_194' title='bbox 840 3407 940 3470; x_wconf 90' lang='lat' dir='ltr'><strong>neque</strong></span> <span class='ocrx_word' id='word_1_195' title='bbox 962 3388 1105 3452; x_wconf 89' lang='lat' dir='ltr'><strong>homines</strong></span> <span class='ocrx_word' id='word_1_196' title='bbox 1122 3389 1208 3452; x_wconf 90' lang='lat' dir='ltr'><strong>theo-</strong></span> 
     </span>
     <span class='ocr_line' id='line_1_29' title="bbox 82 3489 1206 3576; baseline -0.002 -18"><span class='ocrx_word' id='word_1_197' title='bbox 82 3489 135 3574; x_wconf 82' lang='lat' dir='ltr'><strong>logi</strong></span> <span class='ocrx_word' id='word_1_198' title='bbox 164 3513 261 3576; x_wconf 88' lang='lat' dir='ltr'><strong>nequo</strong></span> <span class='ocrx_word' id='word_1_199' title='bbox 288 3493 428 3558; x_wconf 87' lang='lat' dir='ltr'><strong>historici</strong></span> <span class='ocrx_word' id='word_1_200' title='bbox 454 3512 490 3557; x_wconf 84' lang='lat' dir='ltr'><strong>eu</strong></span> <span class='ocrx_word' id='word_1_201' title='bbox 518 3493 584 3556; x_wconf 88' lang='lat' dir='ltr'><strong>eins</strong></span> <span class='ocrx_word' id='word_1_202' title='bbox 613 3493 753 3575; x_wconf 88' lang='lat' dir='ltr'><strong>epistulis</strong></span> <span class='ocrx_word' id='word_1_203' title='bbox 781 3492 916 3556; x_wconf 90' lang='lat' dir='ltr'><strong>multum</strong></span> <span class='ocrx_word' id='word_1_204' title='bbox 943 3493 1114 3572; x_wconf 87' lang='lat' dir='ltr'><strong>lucrantur,</strong></span> <span class='ocrx_word' id='word_1_205' title='bbox 1145 3511 1206 3556; x_wconf 88' lang='lat' dir='ltr'><strong>uon</strong></span> 
     </span>
     <span class='ocr_line' id='line_1_30' title="bbox 83 3597 1206 3680; baseline 0.004 -23"><span class='ocrx_word' id='word_1_206' title='bbox 83 3598 157 3661; x_wconf 88' lang='lat' dir='ltr'><strong>enirn</strong></span> <span class='ocrx_word' id='word_1_207' title='bbox 179 3601 354 3664; x_wconf 82' lang='lat' dir='ltr'><strong>tractantur</strong></span> <span class='ocrx_word' id='word_1_208' title='bbox 376 3599 409 3662; x_wconf 93' lang='lat' dir='ltr'><strong>in</strong></span> <span class='ocrx_word' id='word_1_209' title='bbox 425 3599 469 3662; x_wconf 91' lang='lat' dir='ltr'><strong>eis</strong></span> <span class='ocrx_word' id='word_1_210' title='bbox 484 3599 680 3680; x_wconf 89' lang='lat' dir='ltr'><strong>quaestiones</strong></span> <span class='ocrx_word' id='word_1_211' title='bbox 697 3597 899 3680; x_wconf 86' lang='lat' dir='ltr'><strong>theologicae,</strong></span> <span class='ocrx_word' id='word_1_212' title='bbox 923 3601 958 3662; x_wconf 91' lang='lat' dir='ltr'><strong>ut</strong></span> <span class='ocrx_word' id='word_1_213' title='bbox 972 3598 1003 3660; x_wconf 94' lang='lat' dir='ltr'><strong>in</strong></span> <span class='ocrx_word' id='word_1_214' title='bbox 1020 3597 1206 3679; x_wconf 87' lang='lat' dir='ltr'><strong>quibusdam</strong></span> 
     </span>
     <span class='ocr_line' id='line_1_31' title="bbox 84 3697 1208 3786; baseline 0.003 -25"><span class='ocrx_word' id='word_1_215' title='bbox 84 3697 179 3766; x_wconf 79' lang='lat' dir='ltr'><strong>Fausti</strong></span> <span class='ocrx_word' id='word_1_216' title='bbox 190 3702 342 3786; x_wconf 88' lang='lat' dir='ltr'><strong>epistulis,</strong></span> <span class='ocrx_word' id='word_1_217' title='bbox 358 3721 458 3784; x_wconf 90' lang='lat' dir='ltr'><strong>neque</strong></span> <span class='ocrx_word' id='word_1_218' title='bbox 471 3702 509 3766; x_wconf 87' lang='lat' dir='ltr'><strong>ed</strong></span> <span class='ocrx_word' id='word_1_219' title='bbox 521 3705 662 3785; x_wconf 87' lang='lat' dir='ltr'><strong>tempora</strong></span> <span class='ocrx_word' id='word_1_220' title='bbox 673 3701 788 3766; x_wconf 91' lang='lat' dir='ltr'><strong>Ruricii</strong></span> <span class='ocrx_word' id='word_1_221' title='bbox 804 3701 976 3765; x_wconf 86' lang='lat' dir='ltr'><strong>accuratius</strong></span> <span class='ocrx_word' id='word_1_222' title='bbox 993 3702 1208 3786; x_wconf 84' lang='lat' dir='ltr'><strong>cognoscenda</strong></span> 
     </span>
     <span class='ocr_line' id='line_1_32' title="bbox 84 3803 1206 3890; baseline 0.005 -26"><span class='ocrx_word' id='word_1_223' title='bbox 84 3805 172 3870; x_wconf 77' lang='lat' dir='ltr'><strong>inulta</strong></span> <span class='ocrx_word' id='word_1_224' title='bbox 185 3807 255 3872; x_wconf 91' lang='lat' dir='ltr'><strong>inde</strong></span> <span class='ocrx_word' id='word_1_225' title='bbox 275 3806 379 3890; x_wconf 80' lang='lat' dir='ltr'><strong>colligi</strong></span> <span class='ocrx_word' id='word_1_226' title='bbox 398 3809 538 3888; x_wconf 86' lang='lat' dir='ltr'><strong>possunt,</strong></span> <span class='ocrx_word' id='word_1_227' title='bbox 562 3809 597 3870; x_wconf 92' lang='lat' dir='ltr'><strong>ut</strong></span> <span class='ocrx_word' id='word_1_228' title='bbox 619 3825 655 3870; x_wconf 84' lang='lat' dir='ltr'><strong>ex</strong></span> <span class='ocrx_word' id='word_1_229' title='bbox 671 3803 787 3870; x_wconf 88' lang='lat' dir='ltr'><strong>Sidonii</strong></span> <span class='ocrx_word' id='word_1_230' title='bbox 803 3806 953 3888; x_wconf 88' lang='lat' dir='ltr'><strong>epistulis.</strong></span> <span class='ocrx_word' id='word_1_231' title='bbox 992 3824 1071 3888; x_wconf 87' lang='lat' dir='ltr'><strong>quae</strong></span> <span class='ocrx_word' id='word_1_232' title='bbox 1087 3806 1126 3871; x_wconf 90' lang='lat' dir='ltr'><strong>ad</strong></span> <span class='ocrx_word' id='word_1_233' title='bbox 1141 3825 1206 3870; x_wconf 90' lang='lat' dir='ltr'><strong>rec-</strong></span> 
     </span>
     <span class='ocr_line' id='line_1_33' title="bbox 84 3908 1205 3996; baseline 0.004 -28"><span class='ocrx_word' id='word_1_234' title='bbox 84 3908 135 3972; x_wconf 88' lang='lat' dir='ltr'><strong>tius</strong></span> <span class='ocrx_word' id='word_1_235' title='bbox 157 3911 380 3996; x_wconf 85' lang='lat' dir='ltr'><strong>intellegendas</strong></span> <span class='ocrx_word' id='word_1_236' title='bbox 404 3928 457 3974; x_wconf 91' lang='lat' dir='ltr'><strong>eas</strong></span> <span class='ocrx_word' id='word_1_237' title='bbox 480 3909 655 3974; x_wconf 87' lang='lat' dir='ltr'><strong>necessaria</strong></span> <span class='ocrx_word' id='word_1_238' title='bbox 678 3929 746 3974; x_wconf 90' lang='lat' dir='ltr'><strong>esse</strong></span> <span class='ocrx_word' id='word_1_239' title='bbox 770 3909 967 3990; x_wconf 88' lang='lat' dir='ltr'><strong>uidebantur,</strong></span> <span class='ocrx_word' id='word_1_240' title='bbox 992 3927 1028 3973; x_wconf 88' lang='lat' dir='ltr'><strong>ea</strong></span> <span class='ocrx_word' id='word_1_241' title='bbox 1050 3911 1082 3974; x_wconf 91' lang='lat' dir='ltr'><strong>in</strong></span> <span class='ocrx_word' id='word_1_242' title='bbox 1105 3911 1205 3975; x_wconf 90' lang='lat' dir='ltr'><strong>indice</strong></span> 
     </span>
     <span class='ocr_line' id='line_1_34' title="bbox 84 4013 825 4080; baseline 0.005 -6"><span class='ocrx_word' id='word_1_243' title='bbox 84 4015 231 4080; x_wconf 89' lang='lat' dir='ltr'><strong>nominum</strong></span> <span class='ocrx_word' id='word_1_244' title='bbox 255 4019 287 4080; x_wconf 90' lang='lat' dir='ltr'><strong>et</strong></span> <span class='ocrx_word' id='word_1_245' title='bbox 309 4033 414 4080; x_wconf 91' lang='lat' dir='ltr'><strong>rerum</strong></span> <span class='ocrx_word' id='word_1_246' title='bbox 436 4013 573 4080; x_wconf 89' lang='lat' dir='ltr'><strong>breuiter</strong></span> <span class='ocrx_word' id='word_1_247' title='bbox 595 4015 825 4080; x_wconf 87' lang='lat' dir='ltr'><strong>adnotauimus.</strong></span> 
     </span>
    </p>

    <p class='ocr_par' dir='ltr' id='par_1_12' title="bbox 84 4115 1205 4407">
     <span class='ocr_line' id='line_1_35' title="bbox 120 4115 1205 4202; baseline 0.001 -20"><span class='ocrx_word' id='word_1_248' title='bbox 120 4117 163 4183; x_wconf 89' lang='lat' dir='ltr'><strong>De</strong></span> <span class='ocrx_word' id='word_1_249' title='bbox 184 4119 302 4185; x_wconf 90' lang='lat' dir='ltr'><strong>Ruricii</strong></span> <span class='ocrx_word' id='word_1_250' title='bbox 324 4120 497 4185; x_wconf 88' lang='lat' dir='ltr'><strong>elocutione</strong></span> <span class='ocrx_word' id='word_1_251' title='bbox 525 4123 626 4184; x_wconf 83' lang='lat' dir='ltr'><strong>exstat</strong></span> <span class='ocrx_word' id='word_1_252' title='bbox 648 4117 763 4186; x_wconf 86' lang='lat' dir='ltr'><strong>Sidonii</strong></span> <span class='ocrx_word' id='word_1_253' title='bbox 786 4120 933 4184; x_wconf 90' lang='lat' dir='ltr'><strong>iudicium</strong></span> <span class='ocrx_word' id='word_1_254' title='bbox 956 4115 1205 4202; x_wconf 77' lang='lat' dir='ltr'><strong>(p.138,2L.):</strong></span> 
     </span>
     <span class='ocr_line' id='line_1_36' title="bbox 84 4219 1205 4310; baseline 0.004 -31"><span class='ocrx_word' id='word_1_255' title='bbox 84 4219 184 4285; x_wconf 88' lang='lat' dir='ltr'><strong>stilum</strong></span> <span class='ocrx_word' id='word_1_256' title='bbox 206 4233 351 4288; x_wconf 84' lang='lat' dir='ltr'><strong>uestrum</strong></span> <span class='ocrx_word' id='word_1_257' title='bbox 381 4233 505 4309; x_wconf 82' lang='lat' dir='ltr'><strong>qmomto</strong></span> <span class='ocrx_word' id='word_1_258' title='bbox 534 4223 703 4286; x_wconf 80' lang='lat' dir='ltr'><strong>comitetur</strong></span> <span class='ocrx_word' id='word_1_259' title='bbox 730 4221 784 4286; x_wconf 84' lang='lat' dir='ltr'><strong>uel</strong></span> <span class='ocrx_word' id='word_1_260' title='bbox 805 4223 940 4310; x_wconf 85' lang='lat' dir='ltr'><strong>flammo</strong></span> <span class='ocrx_word' id='word_1_261' title='bbox 970 4243 1121 4286; x_wconf 81' lang='lat' dir='ltr'><strong>sensuum</strong></span> <span class='ocrx_word' id='word_1_262' title='bbox 1151 4221 1205 4286; x_wconf 86' lang='lat' dir='ltr'><strong>uel</strong></span> 
     </span>
     <span class='ocr_line' id='line_1_37' title="bbox 86 4324 1205 4407; baseline 0.006 -21"><span class='ocrx_word' id='word_1_263' title='bbox 86 4325 164 4390; x_wconf 78' lang='lat' dir='ltr'><strong>crudo</strong></span> <span class='ocrx_word' id='word_1_264' title='bbox 186 4349 374 4406; x_wconf 79' lang='lat' dir='ltr'><strong>sermonum,</strong></span> <span class='ocrx_word' id='word_1_265' title='bbox 407 4325 545 4392; x_wconf 81' lang='lat' dir='ltr'><strong>liberius</strong></span> <span class='ocrx_word' id='word_1_266' title='bbox 568 4349 751 4406; x_wconf 81' lang='lat' dir='ltr'><strong>assererem,</strong></span> <span class='ocrx_word' id='word_1_267' title='bbox 782 4327 859 4407; x_wconf 85' lang='lat' dir='ltr'><strong>uisi,</strong></span> <span class='ocrx_word' id='word_1_268' title='bbox 891 4327 967 4390; x_wconf 85' lang='lat' dir='ltr'><strong>dum</strong></span> <span class='ocrx_word' id='word_1_269' title='bbox 993 4348 1040 4392; x_wconf 89' lang='lat' dir='ltr'><strong>mc</strong></span> <span class='ocrx_word' id='word_1_270' title='bbox 1064 4324 1205 4393; x_wconf 79' lang='lat' dir='ltr'><strong>laudare</strong></span> 
     </span>
    </p>
   </div>
   <div class='ocr_carea' id='block_1_9' title="bbox 0 0 1466 4928">
    <p class='ocr_par' dir='ltr' id='par_1_13' title="bbox 0 0 1466 4928">
     <span class='ocr_line' id='line_1_38' title="bbox 0 0 1466 4928; baseline 0 0"><span class='ocrx_word' id='word_1_271' title='bbox 0 0 1466 4928; x_wconf 95' lang='lat' dir='ltr'><strong> </strong></span> 
     </span>
    </p>
   </div>
  </div>
 </body>
</html>
