2954 4930
441 423 668 494 Epistularum
687 423 742 479 lib.
755 424 784 478 Π
804 427 912 480 10-11.
1185 422 1246 487 387

102 603 160 663 aut
187 599 260 663 filio.
308 600 361 662 sed
390 600 464 681 quia
491 603 522 664 ct
545 603 672 664 sanctus
695 600 852 665 Iohannes
877 599 1037 684 apostolus
1060 599 1092 662 in
1116 597 1248 681 epistola

102 721 161 767 sua
190 703 262 767 unis
294 703 472 786 eisdemque
496 707 526 768 ct
548 703 690 786 patribus
715 707 747 768 et
769 702 936 768 iuuenibus
960 702 1067 767 scribit
1090 705 1120 766 et
1142 702 1246 786 pueris

102 807 226 871 dicens:
250 807 375 872 scribo
398 808 520 888 uehis,
544 811 686 891 patres,
710 807 797 890 quia
817 807 1050 890 cognouistis
1066 825 1161 887 eum,
1185 806 1248 887 qui

100 911 148 976 ab
169 913 277 976 initio
299 917 364 976 est.
404 912 527 976 scribo
551 912 672 992 uobis,
696 913 867 991 iuuenca,
892 911 979 993 quia
1001 911 1151 974 uicistis
1175 926 1248 972 ma-

99 1016 256 1099 lignum.
286 1014 405 1082 scribo
431 1016 553 1096 uobis,
576 1016 698 1098 pueri,
722 1017 810 1098 quia
832 1015 1067 1099 cognouistis
1090 1018 1246 1098 petrem,
1274 1039 1286 1076 1

100 1139 166 1201 qua
189 1121 372 1184 discretione
396 1119 564 1184 uerborum
587 1139 648 1184 non
672 1124 809 1184 aetatem
832 1120 991 1184 exterioris
1014 1118 1161 1198 hominis,
1192 1117 1247 1182 sed

100 1225 287 1306 qualitatem
310 1225 464 1288 interioris
488 1223 642 1308 adsignat,
671 1227 702 1287 in
726 1227 879 1306 quantum
903 1224 1041 1287 enimin
1064 1223 1114 1286 dei
1141 1223 1247 1305 cogni-

101 1329 189 1393 tione
213 1347 249 1392 ac
273 1328 438 1393 dilectione
460 1328 650 1411 proficimus,
681 1332 786 1411 patres
810 1328 877 1392 sine
902 1327 994 1390 dubio
1017 1344 1246 1410 nuncupamur,

101 1435 137 1497 in
161 1437 314 1514 quantum
337 1452 411 1498 uero
435 1437 544 1498 contra
564 1434 787 1512 aduersarium,
812 1434 864 1514 qui
887 1436 1076 1513 tamquam
1099 1431 1156 1494 leo
1180 1431 1248 1494 eir-

100 1538 184 1601 cuit
206 1555 404 1618 quaerens,
429 1557 535 1618 quem
559 1537 726 1616 deuoret,
750 1537 881 1600 uiriliter
898 1532 1092 1614 dimicamus,
1116 1535 1246 1598 iuuenes
1275 1558 1299 1596 ιο

101 1660 173 1705 esse
197 1643 424 1725 cognoscimur,
448 1643 480 1705 in
505 1645 657 1724 quantum
680 1657 756 1704 uero
777 1641 934 1704 socordiae
951 1638 1147 1719 desidiaeque
1164 1656 1248 1703 com-

101 1745 262 1809 mittimur
279 1749 310 1808 et
334 1746 373 1809 ad
394 1746 598 1810 incedendam
622 1745 841 1808 mandatorum
863 1745 949 1808 uiam
972 1743 1042 1806 fidei
1066 1742 1247 1806 infirmitate

101 1849 267 1913 deficimus
300 1853 392 1931 atque
423 1851 462 1914 ad
489 1850 664 1914 contuenda
687 1867 722 1912 ac
744 1849 922 1931 peragenda
945 1850 1111 1929 praecepta
1142 1847 1248 1910 diuina

101 1973 122 2017 a
139 1953 350 2017 saecularium
366 1957 493 2017 actuum
508 1953 680 2017 intentione
697 1953 785 2034 quasi
802 1971 817 2015 e
834 1969 942 2016 somno
959 1951 1118 2033 segniores
1139 1949 1247 2013 adsur-

104 2057 223 2140 gimus,
247 2057 422 2121 rectissime
445 2075 613 2140 puerorum
636 2057 763 2121 leuitate
786 2073 959 2119 censemur.
1273 2076 1298 2116 11

148 2159 239 2225 Unde
256 2165 287 2224 et
303 2161 460 2243 apostolus
477 2161 594 2224 Paulus
610 2161 654 2224 ita
669 2165 848 2224 commonet
863 2159 1096 2242 neglegentem:
1120 2176 1245 2240 surge,

100 2266 165 2347 qui
188 2265 343 2344 dormis,
368 2269 404 2328 et
427 2283 586 2348 exsurge
610 2283 628 2327 a
651 2264 809 2328 mortuis
840 2266 876 2327 et
899 2263 1061 2345 continges
1085 2259 1245 2326 Christum

73 2353 171 2432 'siue
202 2367 448 2432 inluminabit
477 2373 512 2432 te
542 2367 723 2432 Christus.
769 2385 843 2431 nam
874 2370 906 2430 et
928 2366 1073 2431 dominus
1095 2367 1127 2429 in
1151 2383 1246 2429 euan-

99 2473 196 2557 gelio,
227 2491 299 2536 cum
331 2473 359 2536 ei
383 2491 401 2535 a
423 2472 699 2536 circumstantibus
723 2471 889 2534 diceretur:
922 2488 1006 2534 ecoe
1036 2473 1153 2533 mater
1183 2473 1247 2533 tua

102 2581 141 2640 et
171 2576 312 2640 fratres
343 2577 398 2640 tui
428 2579 613 2658 quaerunt
643 2579 678 2638 tc
705 2576 878 2638 uolentes
901 2573 1028 2638 uidere
1051 2577 1101 2652 te,
1132 2573 1176 2636 ita
1197 2591 1246 2636 re·
1272 2597 1299 2636 ro

100 2680 244 2763 spondit:
274 2697 364 2762 quae
389 2684 445 2744 est
468 2683 586 2744 mater
609 2697 689 2742 mea
712 2683 775 2742 aut
798 2679 860 2760 qui
883 2681 970 2742 sunt
992 2677 1130 2741 iratres
1154 2676 1245 2740 mei?

101 2791 134 2850 ct
157 2784 327 2849 ostendens
352 2785 508 2868 apostolos
532 2787 697 2866 sequentes
721 2803 768 2847 se:
800 2801 921 2847 nonne
944 2782 985 2860 ii,
1017 2781 1079 2862 qui
1101 2781 1246 2844 iaciunt

99 2889 343 2954 uoluntatem
366 2890 486 2972 patris
510 2888 602 2952 mei?
636 2891 737 2952 mater
760 2889 843 2951 enim
861 2884 976 2951 Christi
993 2885 1052 2948 dici
1067 2901 1244 2966 possumne,

100 2993 228 3076 quando
253 2991 412 3057 Christum
436 2993 526 3057 corde
550 2995 720 3075 gestemus.
756 3009 830 3054 nam
853 2993 884 3054 et
907 2991 1016 3053 sancta
1031 2987 1140 3066 Maria,
1164 3005 1243 3069 quae

101 3101 134 3162 et
165 3097 255 3180 uirgo
286 3098 435 3178 concepit,
470 3097 557 3180 uirgo
587 3096 717 3178 peperit,
752 3095 839 3178 uirgo
869 3093 1051 3176 permansit,
1082 3091 1243 3155 dominum
1271 3115 1296 3154 11

101 3205 248 3266 nostrum
265 3219 327 3265 non
343 3201 495 3282 conplexu
511 3199 604 3280 uirili,
621 3199 674 3262 sed
690 3197 751 3261 fide
766 3198 935 3262 maritante
950 3197 1099 3277 concepit.
1131 3195 1243 3260 fratres

101 3323 178 3369 uero
202 3305 299 3387 ipsius
323 3304 487 3384 efficimur,
512 3303 633 3385 quando
657 3303 702 3366 ita
717 3303 816 3366 uitam
833 3305 972 3365 nostram
988 3299 1074 3363 omni
1090 3299 1243 3362 uirtutum

100 3427 218 3492 genere
250 3409 454 3490 disponimus,
488 3408 647 3486 fulcimus,
682 3423 839 3486 ornamus,
873 3409 908 3468 ut
937 3403 1067 3468 heredes
1098 3403 1147 3466 dei
1176 3421 1244 3468 esse

100 3513 262 3596 possimus
279 3515 309 3575 et
329 3512 496 3576 coheredes
518 3509 643 3576 Christi.
682 3511 731 3572 cui
755 3510 838 3572 enim
862 3507 1001 3586 dubium,
1025 3507 1116 3588 qnod,
1141 3507 1167 3570 si
1190 3507 1244 3571 he·

209 3683 470 3752 3]11111111.2,13.
525 3683 553 3752 9]
574 3685 586 3738 1
607 3682 677 3736 Pctr.
691 3685 715 3746 5,
728 3685 752 3738 8.
807 3681 851 3750 16]
870 3679 937 3749 Eph.
950 3683 975 3744 5,
989 3681 1029 3734 14.
1085 3678 1128 3748 19]
1147 3677 1243 3732 Matth.

104 3775 145 3840 12,
158 3773 206 3834 47;
224 3771 306 3824 Marc.
325 3773 348 3834 3,
367 3773 407 3826 32.
479 3769 525 3838 21]
544 3769 607 3822 an.
620 3772 645 3832 8,
657 3771 704 3832 205
724 3768 803 3821 Marc.
817 3769 842 3832 3,
854 3767 895 3822 33.
968 3765 1013 3835 22]
1033 3765 1128 3820 Matth.
1150 3767 1189 3830 12,
1202 3768 1243 3820 50.

101 3859 149 3928 28]
169 3857 284 3920 acme,
300 3859 339 3913 17.

145 4013 405 4070 3111111-11111115Ι
455 4011 637 4067 4111111113
688 4011 920 4066 ddiscritioneS
970 4009 1099 4064 aetateS
1148 4011 1244 4076 iqua·

101 4101 181 4156 litatc
210 4101 232 4156 S
295 4103 328 4156 lo
356 4115 467 4168 querens
496 4101 518 4154 S
577 4099 682 4152 iuuenis
712 4099 734 4153 S
786 4101 816 4152 11
846 4095 1029 4164 cognoscimus
1058 4095 1080 4150 S
1135 4094 1244 4147 commi·

100 4187 235 4242 timueS
305 4189 337 4241 14
360 4186 568 4240 seculariumS
637 4185 813 4252 signiorosS
883 4186 915 4238 15
933 4181 1043 4234 leuitate
1062 4199 1084 4246 v,
1107 4179 1247 4235 leuitaeS

102 4277 135 4330 17
155 4273 333 4342 contingisS
394 4277 426 4329 18
444 4272 659 4328 inluminauitS
719 4273 753 4326 20
773 4269 930 4338 queruntS
990 4271 1016 4320 te
1034 4267 1124 4324 onaS
1174 4265 1245 4322 2211

100 4361 211 4430 scripsi,
230 4359 268 4412 hii
290 4361 317 4426 S,
336 4359 364 4412 hi
384 4379 398 4414 r
413 4359 462 4414 Kr.
517 4359 552 4412 24
571 4373 621 4425 que
643 4360 665 4414 S
715 4359 749 4412 25
768 4359 794 4410 ct
813 4357 862 4412 det.
877 4357 926 4410 Kr.

1040 4443 1089 4492 26*
