2920 4930
270 396 311 460 26
730 397 750 452 1.
770 399 813 452 De
831 399 940 467 gratia

268 555 379 637 inquit,
403 557 485 620 uult
508 559 591 639 post
614 575 668 620 mo
692 556 832 638 uenire,
864 556 1024 641 abneget
1054 577 1092 622 se
1119 559 1240 641 ipsum
1268 558 1340 622 sibi
1368 563 1396 621 et

269 659 382 724 tollat
405 679 550 724 crucem
573 678 675 724 suam
699 664 735 724 ct
750 664 927 742 sequatur
942 681 1011 741 me,
1035 661 1093 726 hoc
1109 666 1157 726 est
1172 663 1292 726 dicere:
1315 681 1396 726 meae

269 763 477 828 miserationis
501 767 558 844 cst,
582 765 769 844 muccosis,
793 765 848 830 sed
871 767 943 829 tuae
959 765 1114 830 uoluntati
1130 767 1321 830 conmissum
1344 770 1396 845 est,

268 871 304 931 ut
326 869 475 949 sequaris.

229 1004 242 1040 s
312 971 480 1036 Uideamus
509 973 534 1036 si
561 993 615 1055 per
638 973 736 1037 otium
765 973 803 1037 ad
831 993 864 1036 se
891 973 1004 1038 iuuitet
1033 973 1191 1039 hominem
1218 975 1303 1040 deus.
1341 974 1396 1038 ab·

268 1080 391 1160 neget,
414 1077 526 1159 inquit,
550 1096 587 1140 se
610 1078 731 1160 ipsum
754 1078 842 1159 sibi,
870 1077 982 1159 idest,
1014 1079 1066 1161 qui
1097 1080 1198 1143 malus
1227 1082 1276 1143 est
1301 1079 1395 1143 bonus

268 1199 335 1243 esse
363 1181 530 1245 contendat
559 1185 590 1245 et
619 1182 798 1265 supplicans
829 1182 928 1246 dicat:
963 1186 999 1246 et
1029 1201 1069 1246 eu
1099 1183 1294 1247 uoluntate
1324 1201 1396 1246 mea

267 1285 477 1350 confitebor·
500 1285 567 1348 illi.
600 1285 724 1349 iubetur·
740 1288 950 1368 unusquisque
967 1305 1003 1350 er
1018 1287 1180 1351 uoluntate
1196 1287 1346 1368 conuerti,
1361 1307 1394 1350 ne

266 1391 408 1470 peccator
424 1389 555 1453 sortasse
572 1389 714 1472 desperet
735 1391 767 1454 in
790 1391 901 1454 melius
924 1410 957 1454 se
981 1407 1071 1474 posse
1095 1391 1220 1455 mutari.
1251 1392 1281 1455 si
1304 1392 1395 1472 quis,

217 1525 241 1562 10
267 1491 377 1573 inquit,
400 1493 482 1556 uult
504 1497 590 1576 post
611 1513 666 1557 me
690 1493 829 1574 uenire,
858 1493 1019 1578 abneget
1047 1513 1084 1558 se
1111 1495 1233 1578 ipsum
1259 1493 1346 1574 sibi,
1368 1494 1395 1557 id

266 1599 330 1675 est,
361 1597 439 1659 alter
470 1595 621 1660 efficiatur
655 1616 691 1661 ex
725 1598 831 1661 altero.
876 1598 1029 1679 patientia
1061 1599 1166 1662 uincet
1198 1599 1395 1676 iracundiam,

265 1701 471 1782 temperantia
485 1701 620 1764 refrenet
635 1702 928 1784 concupiscentiam,
952 1702 1114 1766 humilitas
1136 1702 1279 1766 exturbet
1294 1721 1396 1784 super-

264 1802 359 1884 biam,
384 1822 457 1868 crus
480 1809 620 1870 conterat
643 1807 845 1888 uoluptatem.
885 1807 952 1888 quis
976 1807 1052 1870 haec
1075 1807 1141 1870 siue
1164 1805 1270 1870 laboro
1290 1807 1395 1883 cordis,

265 1908 331 1972 sine
355 1908 528 1972 adflictione
551 1910 663 1989 carnis,
688 1910 755 1974 sine
772 1927 886 1993 magno
902 1911 1037 1974 hominis
1054 1912 1215 1991 utriusque
1231 1911 1395 1974 luctamine

215 2043 238 2080 n
265 2013 431 2077 dormienti
462 2012 521 2076 sibi
547 2032 603 2096 per
630 2014 730 2078 solam
759 2015 893 2097 gratiam
923 2015 1068 2078 aestimet
1097 2015 1304 2078 conferenda?
1342 2013 1396 2078 ab·

265 2121 376 2199 neget
399 2136 436 2180 se
459 2117 579 2198 ipsum
602 2117 687 2198 sibi,
711 2119 769 2182 hoc
792 2121 840 2181 est
862 2117 980 2182 dicere:
1005 2135 1022 2180 o
1046 2118 1147 2198 homo,
1172 2135 1234 2182 non
1256 2121 1345 2200 putes
1368 2121 1395 2180 te

265 2221 308 2284 ita
331 2220 368 2284 ab
393 2224 517 2284 auctore
540 2224 594 2284 tuo
618 2221 787 2302 conditum,
811 2225 846 2285 nt
868 2222 905 2284 de
928 2221 1033 2303 iniquo
1055 2222 1167 2301 iustus,
1191 2221 1228 2285 de
1245 2221 1396 2285 luxurioso

264 2327 380 2404 castus,
412 2325 450 2388 dc
478 2325 624 2390 maliuolo
648 2325 802 2408 benignus
827 2345 894 2389 csse
918 2343 980 2390 non
1002 2325 1111 2408 possis.
1150 2325 1232 2406 quod
1262 2329 1299 2389 ut
1328 2343 1396 2389 con-

265 2429 351 2508 sequi
374 2428 491 2508 ualeas‚
515 2447 576 2492 non
600 2429 717 2492 factura
743 2429 776 2493 in
804 2433 834 2492 tc
858 2433 906 2494 est
928 2429 1089 2509 mutanda,
1120 2430 1174 2492 scd
1202 2429 1278 2494 uita.
1316 2447 1395 2493 nune

212 2567 237 2604 20
263 2533 324 2596 ista
354 2533 490 2596 dicentes
521 2551 582 2596 non
612 2532 752 2596 laborem
782 2533 901 2616 gratiae
932 2551 1155 2614 coaequamus,
1188 2533 1242 2597 sed
1275 2533 1395 2597 omnino

263 2636 398 2719 gratiam
421 2636 487 2699 sine
511 2637 741 2719 comparatione
764 2638 992 2720 praeponimus.

780 2829 883 2892 VIIII.

264 2971 413 3020 QUOMODO
437 2971 700 3013 INTELLEGENDUN
724 2972 786 3012 sl'r:
815 2972 877 3013 NON
905 2971 1055 3013 UOLEN'I'IS
1083 2971 1188 3020 nanda
1215 2971 1396 3030 OURRBN'HS,

263 3059 322 3098 SED
345 3057 532 3099 nrsmsnnms
555 3059 612 3100 EST
635 3059 702 3118 Dur,
728 3059 790 3100 ΗΕΒ
813 3059 922 3100 lanUD:
950 3058 1011 3100 NON
1034 3057 1107 3100 unul
1130 3057 1256 3101 UOOARE
1279 3055 1396 3116 cosroe,

211 3155 236 3194 25
532 3145 591 3186 sel)
615 3145 812 3186 radasponae
836 3147 867 3186 lN
889 3145 1132 3187 PAENITENTIAE

306 3260 365 3326 Sed
388 3262 480 3326 dicis:
512 3263 543 3325 in
574 3265 697 3326 tantum
721 3263 799 3326 nihil
823 3267 871 3326 est
892 3262 1039 3342 hominia,
1070 3263 1125 3326 sed
1152 3265 1254 3326 toturn
1276 3263 1393 3346 gratiae

263 3365 321 3445 dei,
337 3369 372 3430 ut
387 3367 545 3448 apostolus
562 3366 660 3430 dicat:
685 3385 756 3430 non
772 3367 936 3430 uolentis
953 3385 1069 3448 neque
1092 3368 1294 3447 currentia
1317 3367 1398 3429 sicut

263 3469 322 3533 sibi
354 3474 479 3554 arrogat
505 3471 639 3534 Iudaeus
670 3490 706 3534 en
736 3471 804 3553 lege
835 3471 885 3534 uel
915 3471 1062 3553 Pelagius
1093 3489 1128 3534 eu
1158 3470 1250 3535 liberi
1279 3467 1397 3534 arbitrii

261 3575 524 3657 praesumptione,
555 3575 609 3638 sed
640 3575 713 3638 licet
739 3593 811 3639 oum
837 3574 971 3638 hominis
995 3575 1144 3638 seruitute
1168 3577 1269 3638 totum
1292 3578 1397 3638 tamen

209 3713 235 3753 so
262 3678 477 3742 miserentis
501 3682 558 3743 cst
580 3679 653 3759 dei,
688 3698 758 3743 non
788 3679 951 3743 uolentis
975 3696 1091 3759 neque
1113 3678 1308 3742 currentis.
1346 3676 1399 3740 hic

260 3783 348 3846 illum
373 3783 531 3847 euidenter
553 3787 642 3848 notat
665 3786 696 3847 et
719 3785 831 3867 arguit,
855 3783 906 3864 qui
923 3782 1023 3847 solum
1040 3801 1074 3846 se
1089 3781 1150 3846 sibi
1165 3781 1306 3847 sufficere
1328 3781 1398 3844 sine

367 3937 394 4005 7]
413 3935 512 3990 Psalm.
532 3939 573 4002 27,
588 3940 610 3991 7.
665 3937 710 4005 27]
730 3937 805 3992 Rom.
825 3941 849 4000 9,
864 3939 904 3992 16.

304 4079 320 4131 3
339 4075 471 4129 uoluntati
484 4077 596 4144 correxi,
610 4075 756 4129 uoluntatis
771 4077 797 4130 P
807 4083 860 4132 etc
906 4079 922 4132 8
936 4075 1131 4144 unusquisquae
1145 4077 1172 4130 P
1217 4079 1234 4132 9
1247 4075 1362 4144 disparet
1375 4075 1404 4128 P

262 4164 295 4218 14
320 4163 474 4229 utriusquae
497 4163 524 4216 P
599 4163 630 4217 16
653 4164 711 4230 ptes
734 4163 761 4216 P
836 4165 866 4218 17
889 4162 1020 4216 luxoriose
1042 4163 1069 4216 P
1138 4165 1171 4217 20
1195 4177 1352 4231 coequemus
1378 4163 1405 4214 P

261 4251 294 4304 23
318 4249 436 4303 uolentes
459 4250 486 4302 P
537 4264 637 4316 nequas
655 4250 683 4302 P
743 4253 776 4305 25
799 4249 963 4318 paenitentia
981 4251 1008 4304 P
1059 4251 1092 4304 27
1111 4263 1211 4316 nequae
1230 4249 1257 4302 P
1305 4249 1340 4303 28
1360 4247 1402 4299 iu-

263 4335 341 4388 daeos
361 4337 400 4390 P¹
453 4339 488 4390 29
506 4338 590 4389 totam
610 4335 637 4388 P
