2886 4928
638 415 672 469 II.
694 417 736 470 De
756 415 878 487 spiritu
897 395 1009 471 sarlato

788 665 862 730 IIII.

256 807 455 850 macanoalus
471 807 674 849 pulmarum
691 809 853 851 noscitans
873 811 978 852 undar
998 811 1142 852 SANCTUM
1158 811 1301 854 SPIRITUM
1317 812 1381 852 PRO-

602 895 698 936 PRIAM
721 896 886 939 PERSONAM
909 898 1045 941 HABERE.

299 1013 418 1078 Deinde
456 1014 639 1078 dualitatem
673 1016 855 1081 intromittis
890 1021 922 1080 et
955 1017 1032 1082 dicis
1066 1017 1212 1100 spiritum
1246 1025 1378 1082 sanctum

217 1147 229 1183 ⁵
255 1121 411 1202 propriam
436 1138 497 1184 non
519 1121 634 1184 habere
657 1139 823 1204 personam
846 1141 903 1186 nec
926 1123 1068 1186 amisisse
1092 1126 1122 1186 te
1146 1125 1243 1187 sentis
1266 1143 1380 1207 regene-

254 1225 383 1288 rationis
413 1226 558 1308 gratiam,
589 1227 640 1308 qni
671 1227 702 1290 in
729 1228 956 1310 regeneratoris
980 1227 1082 1291 tendis
1105 1227 1267 1308 offensam,
1299 1246 1380 1310 quem

255 1329 312 1393 sibi
343 1330 374 1393 in
405 1331 622 1394 communione
653 1332 827 1395 maiestatis
859 1337 890 1395 et
916 1331 1041 1396 uirtutis
1064 1333 1187 1396 unitum
1212 1334 1315 1397 diuina
1336 1351 1380 1394 ne-

253 1437 329 1498 ritas
357 1439 546 1517 protestatur
568 1436 612 1499 ita
636 1437 755 1499 dicens:
786 1438 852 1518 ite,
884 1436 1073 1519 baptizate
1104 1456 1229 1501 omnes
1261 1443 1379 1522 gentes

254 1540 289 1603 in
313 1541 459 1604 nomine
482 1542 600 1623 patris
625 1545 660 1605 et
683 1541 758 1605 filii
781 1545 816 1605 et
832 1543 992 1625 spiritus
1009 1545 1141 1607 sancti.
1175 1544 1378 1620 innomine,

204 1667 227 1704 ιο
253 1645 364 1726 inquit,
395 1646 514 1728 patris
545 1651 580 1709 et
609 1645 684 1710 iilii
709 1651 744 1710 et
767 1647 924 1730 spiritus
948 1649 1079 1712 sancti.
1126 1649 1261 1712 nominis
1285 1649 1378 1730 singu·

252 1750 360 1814 laritas
391 1750 545 1814 unitatem
571 1751 717 1832 loquitur,
749 1751 993 1834 appellationum
1017 1771 1090 1818 uero
1113 1753 1275 1818 diuersitas
1297 1751 1375 1817 trini-

253 1859 360 1918 tatem.
406 1856 438 1918 in
466 1855 592 1920 nomine
616 1873 688 1938 ergo
712 1875 803 1936 unus,
835 1857 889 1920 sed
912 1857 945 1920 in
968 1875 1171 1939 personarum
1196 1858 1379 1922 distinctione

252 1979 313 2024 non
334 1979 424 2023 unus.
465 1960 536 2042 quid
560 1965 607 2024 est
630 1961 662 2024 in
685 1961 784 2024 trihus
808 1963 899 2024 unius
923 1962 1056 2026 nominis
1080 1964 1305 2046 praerogatiua,
1328 1959 1379 2026 nisi

252 2065 376 2128 deitatis
392 2065 559 2128 indiscreta
573 2066 759 2129 concordia?
783 2066 832 2130 inc
854 2067 996 2149 gradum,
1021 2067 1047 2130 si
1071 2071 1169 2150 potes,
1194 2067 1247 2132 ulri
1270 2069 1379 2150 praeter

202 2195 225 2234 1⁵
252 2189 350 2233 unum
381 2171 437 2233 deo
460 2171 518 2234 hoc
541 2171 644 2253 ipsum
669 2174 836 2236 attestante
861 2171 936 2235 nihil
960 2172 1091 2236 inuenis.
1137 2177 1201 2236 tres
1225 2172 1319 2252 audie,
1347 2187 1380 2232 ne

252 2275 405 2338 unitatem
429 2275 607 2340 Salrelliana
636 2277 823 2358 permisceat
846 2281 877 2340 et
907 2278 1077 2341 confundat
1105 2278 1264 2360 impietas,
1293 2291 1380 2340 unum

253 2380 358 2459 audie,
398 2399 437 2443 ne
471 2379 643 2444 trinitatem
680 2381 796 2444 diuidat
830 2380 966 2445 Arriana
1002 2382 1210 2464 peruersitas,
1249 2382 1381 2466 spiritum

253 2489 397 2548 sanctum
421 2485 520 2565 andis,
544 2489 579 2549 ut
601 2485 820 2549 Macedonium
843 2487 998 2551 confodiat
1021 2487 1160 2551 distincti
1184 2487 1316 2551 nominis
1334 2501 1379 2546 er·

252 2609 361 2672 pressa
384 2591 567 2672 proprietas
614 2591 718 2673 itaque
742 2609 803 2654 non
827 2595 997 2672 creaturae,
1025 2593 1078 2655 sed
1103 2593 1251 2656 creatoris
1274 2593 1380 2655 incom-

201 2718 226 2754 «ιο
254 2693 442 2757 municalrile
471 2713 547 2778 opus
572 2695 685 2777 agitur,
717 2695 770 2758 ubi
794 2699 991 2778 peccatorum
1016 2696 1142 2760 abolitio
1166 2701 1197 2760 et
1221 2695 1379 2760 inmunitas

252 2802 404 2882 erogatur.
450 2800 481 2864 in
512 2800 570 2862 hoc
598 2804 703 2863 tamen
728 2801 953 2864 indissociabili
977 2801 1151 2864 maiestatis
1175 2803 1324 2883 amplexu,
1353 2797 1380 2858 in

251 2905 439 2986 proprietate
463 2923 613 2986 personae
637 2905 714 2968 alter
738 2909 785 2968 est
808 2909 905 2988 pater,
937 2905 1016 2968 alter
1039 2909 1087 2968 est
1110 2905 1202 2985 iilius,
1228 2907 1303 2970 alter
1324 2901 1380 2983 spi-

250 3009 328 3072 ritns
352 3013 489 3088 sanctae,
517 3010 571 3072 sed
595 3009 626 3072 in
650 3010 811 3073 diuinitate
835 3030 896 3074 non
920 3011 1014 3090 aliud,
1043 3011 1237 3092 quietique,
1265 3009 1290 3074 si
1311 3008 1379 3070 deus

252 3131 312 3176 non
330 3118 423 3193 esset,
441 3115 525 3177 iuxta
540 3117 663 3194 petrem
681 3119 710 3177 et
726 3114 825 3178 filiurn
842 3115 999 3197 propriam
1015 3133 1181 3198 personam
1197 3115 1309 3179 habere
1324 3129 1377 3174 non

199 3243 223 3280 aa
250 3223 365 3300 posset.
400 3219 533 3300 denique
557 3218 679 3298 quando
703 3219 835 3282 uerlrnrn
860 3219 1025 3282 transiliri
1049 3237 1175 3282 carnem
1200 3223 1232 3284 et
1254 3214 1377 3283 hominis

249 3322 390 3386 habiturn
416 3324 491 3386 deus
516 3323 615 3386 induit
643 3327 674 3386 et
699 3322 734 3386 tit
753 3325 789 3386 in
814 3323 974 3386 circuitu
998 3325 1078 3387 eius
1101 3321 1379 3388 tabernaculum

250 3427 328 3490 eius
353 3431 383 3490 et
406 3427 602 3508 splendorem
628 3447 720 3490 suurn
744 3427 881 3491 tenebris
905 3431 1030 3492 nostrae
1053 3428 1233 3510 fragilitatis
1256 3423 1377 3491 inuoluit

353 3583 380 3649 8]
399 3581 495 3634 Matth.
509 3583 551 3644 28,
567 3586 606 3636 19.
666 3582 710 3650 26]
731 3581 829 3634 Psalm.
846 3585 885 3644 17,
901 3585 940 3637 12.

292 3723 486 3774 ‘laeserensP
538 3721 661 3790 spiritum
682 3741 701 3774 s.
722 3722 843 3788 negatP
894 3721 1025 3776 3habere
1043 3723 1225 3790 personamP
1275 3717 1379 3776 oanis-

249 3807 312 3860 sissc
336 3810 361 3861 V
418 3807 589 3874 regerationis
609 3809 635 3862 P
692 3807 938 3874 dregenerationis
962 3827 976 3862 u
1039 3807 1181 3860 offenssam
1201 3809 1228 3861 P
1282 3810 1379 3860 icom-

249 3936 328 3973 mnne
354 3938 367 3974 o
450 3925 465 3974 8
489 3920 536 3988 ite]
565 3920 662 3988 imqnit
688 3921 763 4000 deici)
790 3921 853 3974 aoid.
877 3921 904 3973 P
984 3887 1097 3974 baptizata
1126 3921 1153 3974 P
1177 3921 1205 3990 (p
1233 3939 1302 3976 aran.
1327 3917 1380 3975 aul

251 4033 427 4102 lamminis]
447 4015 545 4088 ridica!
596 4001 986 4100 sirrgnl'e'uasl’nilaciano.)
1041 4036 1069 4088 ll
1089 4049 1244 4089 nemoroso
1297 4033 1327 4086 12
1346 4027 1380 4079 di·

248 4121 466 4186 stinctionemV
537 4123 567 4174 ll
591 4120 723 4184 grandnm
749 4122 775 4172 P
844 4123 876 4174 18
900 4119 1102 4173 machedonium
1127 4121 1154 4173 P
1222 4113 1383 4188 expressall

251 4210 281 4261 la
300 4205 554 4261 incommutabiles
611 4209 644 4260 20
664 4207 720 4273 agit
744 4207 769 4259 V
824 4210 850 4258 et
868 4223 1002 4276 superarer.
1024 4208 1061 4262 V¹
1123 4209 1154 4262 21
1176 4203 1381 4260 indissecabilia·
1427 4259 1428 4272 χ

248 4295 280 4347 22
299 4293 526 4361 propriaetatcV
580 4299 642 4346 (orric
661 4292 771 4360 spiritns
789 4293 867 4346 addit
887 4297 925 4344 cst
946 4293 973 4345 P
1028 4295 1061 4347 23
1080 4293 1183 4346 unitate
1204 4313 1217 4348 o
1277 4294 1308 4346 24
1328 4303 1380 4358 prr·

248 4395 338 4431 sonam
358 4379 491 4447 propriam
511 4380 538 4431 P
588 4381 622 4433 ao
641 4378 683 4446 fit]
707 4379 729 4431 si
751 4397 763 4432 r
