<?xml version="1.0" encoding="UTF-8"?>
<!DOCTYPE html PUBLIC "-//W3C//DTD XHTML 1.0 Transitional//EN"
    "http://www.w3.org/TR/xhtml1/DTD/xhtml1-transitional.dtd">
<html xmlns="http://www.w3.org/1999/xhtml" xml:lang="en" lang="en">
 <head>
  <title>
</title>
<meta http-equiv="Content-Type" content="text/html;charset=utf-8" />
  <meta name='ocr-system' content='tesseract 3.04.00' />
  <meta name='ocr-capabilities' content='ocr_page ocr_carea ocr_par ocr_line ocrx_word'/>
</head>
<body>
  <div class='ocr_page' id='page_1' title='image "./praetersermones00fausgoog/praetersermones00fausgoog_0311.png"; bbox 0 0 2924 4924; ppageno 0'>
   <div class='ocr_carea' id='block_1_1' title="bbox 152 1013 1115 1136">
    <p class='ocr_par' dir='ltr' id='par_1_1' title="bbox 152 1013 1115 1136">
     <span class='ocr_line' id='line_1_1' title="bbox 152 1013 1115 1136; baseline 0.002 -4"><span class='ocrx_word' id='word_1_1' title='bbox 152 1015 203 1132; x_wconf 80' lang='lat' dir='ltr'><strong>A.</strong></span> <span class='ocrx_word' id='word_1_2' title='bbox 237 1013 459 1134; x_wconf 79' lang='lat' dir='ltr'><strong>Sermones</strong></span> <span class='ocrx_word' id='word_1_3' title='bbox 490 1014 636 1134; x_wconf 89' lang='lat' dir='ltr'><strong>codiee</strong></span> <span class='ocrx_word' id='word_1_4' title='bbox 665 1015 914 1135; x_wconf 86' lang='lat' dir='ltr'><strong>Dnrloconsi</strong></span> <span class='ocrx_word' id='word_1_5' title='bbox 945 1023 1115 1136; x_wconf 89' lang='lat' dir='ltr'><strong>seruati.</strong></span> 
     </span>
    </p>
   </div>
   <div class='ocr_carea' id='block_1_2' title="bbox 623 1255 710 1334">
    <p class='ocr_par' dir='ltr' id='par_1_2' title="bbox 623 1255 710 1334">
     <span class='ocr_line' id='line_1_2' title="bbox 623 1255 710 1334; baseline 0 -72"><span class='ocrx_word' id='word_1_6' title='bbox 623 1255 710 1334; x_wconf 63' lang='lat' dir='ltr'><strong>L.</strong></span> 
     </span>
    </p>
   </div>
   <div class='ocr_carea' id='block_1_3' title="bbox 189 1429 1078 1476">
    <p class='ocr_par' dir='ltr' id='par_1_3' title="bbox 189 1429 1078 1476">
     <span class='ocr_line' id='line_1_3' title="bbox 189 1429 1078 1476; baseline 0.003 -4"><span class='ocrx_word' id='word_1_7' title='bbox 189 1429 292 1472; x_wconf 70' lang='lat' dir='ltr'><strong>smalto</strong></span> <span class='ocrx_word' id='word_1_8' title='bbox 315 1431 347 1470; x_wconf 81' lang='lat' dir='ltr'><strong>lm</strong></span> <span class='ocrx_word' id='word_1_9' title='bbox 369 1429 561 1472; x_wconf 71' lang='lat' dir='ltr'><strong>nnmwr&#39;re&#39;rm</strong></span> <span class='ocrx_word' id='word_1_10' title='bbox 583 1429 695 1473; x_wconf 74' lang='lat' dir='ltr'><strong>Domum</strong></span> <span class='ocrx_word' id='word_1_11' title='bbox 717 1429 829 1473; x_wconf 71' lang='lat' dir='ltr'><strong>mosum</strong></span> <span class='ocrx_word' id='word_1_12' title='bbox 852 1431 923 1474; x_wconf 75' lang='lat' dir='ltr'><strong>lusu</strong></span> <span class='ocrx_word' id='word_1_13' title='bbox 946 1431 1078 1476; x_wconf 71' lang='lat' dir='ltr'><strong>omnnem.</strong></span> 
     </span>
    </p>
   </div>
   <div class='ocr_carea' id='block_1_4' title="bbox 73 1567 1327 2938">
    <p class='ocr_par' dir='ltr' id='par_1_4' title="bbox 73 1567 1327 2938">
     <span class='ocr_line' id='line_1_4' title="bbox 113 1567 1201 1686; baseline 0.005 -23"><span class='ocrx_word' id='word_1_14' title='bbox 113 1567 144 1661; x_wconf 83' lang='lat' dir='ltr'>P</span> <span class='ocrx_word' id='word_1_15' title='bbox 144 1599 255 1682; x_wconf 84' lang='lat' dir='ltr'><strong>ropitia</strong></span> <span class='ocrx_word' id='word_1_16' title='bbox 277 1599 452 1680; x_wconf 88' lang='lat' dir='ltr'><strong>diuinitate,</strong></span> <span class='ocrx_word' id='word_1_17' title='bbox 480 1600 592 1665; x_wconf 85' lang='lat' dir='ltr'><strong>fratres</strong></span> <span class='ocrx_word' id='word_1_18' title='bbox 616 1600 819 1682; x_wconf 82' lang='lat' dir='ltr'><strong>dilectissimi,</strong></span> <span class='ocrx_word' id='word_1_19' title='bbox 846 1619 910 1665; x_wconf 89' lang='lat' dir='ltr'><strong>ram</strong></span> <span class='ocrx_word' id='word_1_20' title='bbox 935 1619 1031 1686; x_wconf 85' lang='lat' dir='ltr'>prope</span> <span class='ocrx_word' id='word_1_21' title='bbox 1054 1606 1102 1668; x_wconf 88' lang='lat' dir='ltr'><strong>est</strong></span> <span class='ocrx_word' id='word_1_22' title='bbox 1124 1603 1201 1686; x_wconf 88' lang='lat' dir='ltr'><strong>dies,</strong></span> 
     </span>
     <span class='ocr_line' id='line_1_5' title="bbox 77 1701 1254 1791; baseline 0.007 -26"><span class='ocrx_word' id='word_1_23' title='bbox 77 1701 104 1765; x_wconf 93' lang='lat' dir='ltr'><strong>in</strong></span> <span class='ocrx_word' id='word_1_24' title='bbox 133 1723 194 1786; x_wconf 90' lang='lat' dir='ltr'><strong>qua</strong></span> <span class='ocrx_word' id='word_1_25' title='bbox 222 1705 362 1769; x_wconf 86' lang='lat' dir='ltr'><strong>natalem</strong></span> <span class='ocrx_word' id='word_1_26' title='bbox 392 1705 509 1770; x_wconf 89' lang='lat' dir='ltr'><strong>domini</strong></span> <span class='ocrx_word' id='word_1_27' title='bbox 543 1705 709 1770; x_wconf 88' lang='lat' dir='ltr'><strong>saluatoris</strong></span> <span class='ocrx_word' id='word_1_28' title='bbox 739 1705 953 1771; x_wconf 77' lang='lat' dir='ltr'><strong>desideramus</strong></span> <span class='ocrx_word' id='word_1_29' title='bbox 983 1725 1055 1771; x_wconf 90' lang='lat' dir='ltr'><strong>cum</strong></span> <span class='ocrx_word' id='word_1_30' title='bbox 1088 1708 1201 1791; x_wconf 82' lang='lat' dir='ltr'><strong>gaudio</strong></span> <span class='ocrx_word' id='word_1_31' title='bbox 1241 1734 1254 1774; x_wconf 83' lang='lat' dir='ltr'><strong>e</strong></span> 
     </span>
     <span class='ocr_line' id='line_1_6' title="bbox 76 1808 1327 1896; baseline 0.005 -24"><span class='ocrx_word' id='word_1_32' title='bbox 76 1808 231 1874; x_wconf 84' lang='lat' dir='ltr'><strong>celebrare.</strong></span> <span class='ocrx_word' id='word_1_33' title='bbox 278 1811 310 1873; x_wconf 91' lang='lat' dir='ltr'><strong>et</strong></span> <span class='ocrx_word' id='word_1_34' title='bbox 335 1809 403 1874; x_wconf 92' lang='lat' dir='ltr'><strong>ideo</strong></span> <span class='ocrx_word' id='word_1_35' title='bbox 426 1826 500 1894; x_wconf 86' lang='lat' dir='ltr'><strong>rogo</strong></span> <span class='ocrx_word' id='word_1_36' title='bbox 524 1813 555 1873; x_wconf 90' lang='lat' dir='ltr'><strong>et</strong></span> <span class='ocrx_word' id='word_1_37' title='bbox 585 1810 747 1890; x_wconf 89' lang='lat' dir='ltr'><strong>admoneo,</strong></span> <span class='ocrx_word' id='word_1_38' title='bbox 777 1809 811 1874; x_wconf 91' lang='lat' dir='ltr'><strong>in</strong></span> <span class='ocrx_word' id='word_1_39' title='bbox 841 1815 993 1892; x_wconf 87' lang='lat' dir='ltr'><strong>quantum</strong></span> <span class='ocrx_word' id='word_1_40' title='bbox 1023 1830 1201 1896; x_wconf 84' lang='lat' dir='ltr'><strong>possumne,</strong></span> <span class='ocrx_word' id='word_1_41' title='bbox 1322 1871 1327 1878; x_wconf 93' lang='lat'>.</span> 
     </span>
     <span class='ocr_line' id='line_1_7' title="bbox 77 1913 1203 1996; baseline 0.004 -20"><span class='ocrx_word' id='word_1_42' title='bbox 77 1929 140 1977; x_wconf 88' lang='lat' dir='ltr'><strong>oum</strong></span> <span class='ocrx_word' id='word_1_43' title='bbox 166 1914 216 1978; x_wconf 92' lang='lat' dir='ltr'><strong>dei</strong></span> <span class='ocrx_word' id='word_1_44' title='bbox 244 1914 398 1978; x_wconf 89' lang='lat' dir='ltr'><strong>adiutorio</strong></span> <span class='ocrx_word' id='word_1_45' title='bbox 424 1913 619 1996; x_wconf 87' lang='lat' dir='ltr'><strong>laboremus,</strong></span> <span class='ocrx_word' id='word_1_46' title='bbox 649 1917 685 1978; x_wconf 89' lang='lat' dir='ltr'><strong>ut</strong></span> <span class='ocrx_word' id='word_1_47' title='bbox 710 1914 742 1978; x_wconf 93' lang='lat' dir='ltr'><strong>in</strong></span> <span class='ocrx_word' id='word_1_48' title='bbox 769 1914 823 1979; x_wconf 88' lang='lat' dir='ltr'><strong>illa</strong></span> <span class='ocrx_word' id='word_1_49' title='bbox 849 1915 898 1978; x_wconf 91' lang='lat' dir='ltr'><strong>die</strong></span> <span class='ocrx_word' id='word_1_50' title='bbox 925 1933 997 1980; x_wconf 90' lang='lat' dir='ltr'><strong>curn</strong></span> <span class='ocrx_word' id='word_1_51' title='bbox 1024 1915 1145 1981; x_wconf 89' lang='lat' dir='ltr'><strong>sincere</strong></span> <span class='ocrx_word' id='word_1_52' title='bbox 1171 1920 1203 1980; x_wconf 90' lang='lat' dir='ltr'><strong>et</strong></span> 
     </span>
     <span class='ocr_line' id='line_1_8' title="bbox 76 2017 1203 2100; baseline 0.002 -18"><span class='ocrx_word' id='word_1_53' title='bbox 76 2033 145 2096; x_wconf 88' lang='lat' dir='ltr'><strong>pura</strong></span> <span class='ocrx_word' id='word_1_54' title='bbox 166 2018 367 2098; x_wconf 86' lang='lat' dir='ltr'><strong>conscientie,</strong></span> <span class='ocrx_word' id='word_1_55' title='bbox 395 2018 512 2082; x_wconf 89' lang='lat' dir='ltr'><strong>mundo</strong></span> <span class='ocrx_word' id='word_1_56' title='bbox 535 2017 626 2082; x_wconf 89' lang='lat' dir='ltr'><strong>corde</strong></span> <span class='ocrx_word' id='word_1_57' title='bbox 654 2021 686 2083; x_wconf 85' lang='lat' dir='ltr'><strong>et</strong></span> <span class='ocrx_word' id='word_1_58' title='bbox 708 2021 795 2083; x_wconf 85' lang='lat' dir='ltr'><strong>cesto</strong></span> <span class='ocrx_word' id='word_1_59' title='bbox 818 2036 943 2100; x_wconf 91' lang='lat' dir='ltr'><strong>corpore</strong></span> <span class='ocrx_word' id='word_1_60' title='bbox 966 2019 1006 2082; x_wconf 93' lang='lat' dir='ltr'><strong>ad</strong></span> <span class='ocrx_word' id='word_1_61' title='bbox 1029 2019 1126 2084; x_wconf 84' lang='lat' dir='ltr'><strong>altare</strong></span> <span class='ocrx_word' id='word_1_62' title='bbox 1149 2020 1203 2084; x_wconf 94' lang='lat' dir='ltr'><strong>do-</strong></span> 
     </span>
     <span class='ocr_line' id='line_1_9' title="bbox 76 2121 1202 2206; baseline 0.002 -20"><span class='ocrx_word' id='word_1_63' title='bbox 76 2121 146 2198; x_wconf 77' lang='lat' dir='ltr'><strong>mini</strong></span> <span class='ocrx_word' id='word_1_64' title='bbox 167 2122 325 2206; x_wconf 86' lang='lat' dir='ltr'><strong>possimus</strong></span> <span class='ocrx_word' id='word_1_65' title='bbox 348 2122 494 2186; x_wconf 89' lang='lat' dir='ltr'><strong>accedere</strong></span> <span class='ocrx_word' id='word_1_66' title='bbox 522 2125 553 2186; x_wconf 90' lang='lat' dir='ltr'><strong>ot</strong></span> <span class='ocrx_word' id='word_1_67' title='bbox 575 2141 685 2205; x_wconf 88' lang='lat' dir='ltr'><strong>corpus</strong></span> <span class='ocrx_word' id='word_1_68' title='bbox 709 2123 760 2186; x_wconf 90' lang='lat' dir='ltr'><strong>uel</strong></span> <span class='ocrx_word' id='word_1_69' title='bbox 782 2122 967 2206; x_wconf 79' lang='lat' dir='ltr'><strong>sanguinem</strong></span> <span class='ocrx_word' id='word_1_70' title='bbox 990 2123 1055 2188; x_wconf 88' lang='lat' dir='ltr'><strong>eius</strong></span> <span class='ocrx_word' id='word_1_71' title='bbox 1078 2142 1141 2188; x_wconf 91' lang='lat' dir='ltr'><strong>non</strong></span> <span class='ocrx_word' id='word_1_72' title='bbox 1164 2125 1202 2188; x_wconf 88' lang='lat' dir='ltr'><strong>ad</strong></span> 
     </span>
     <span class='ocr_line' id='line_1_10' title="bbox 76 2223 1255 2312; baseline 0.007 -27"><span class='ocrx_word' id='word_1_73' title='bbox 76 2223 225 2307; x_wconf 84' lang='lat' dir='ltr'><strong>iudicium,</strong></span> <span class='ocrx_word' id='word_1_74' title='bbox 249 2226 305 2290; x_wconf 86' lang='lat' dir='ltr'><strong>sed</strong></span> <span class='ocrx_word' id='word_1_75' title='bbox 319 2226 358 2290; x_wconf 89' lang='lat' dir='ltr'><strong>ad</strong></span> <span class='ocrx_word' id='word_1_76' title='bbox 378 2227 551 2291; x_wconf 87' lang='lat' dir='ltr'><strong>remedium</strong></span> <span class='ocrx_word' id='word_1_77' title='bbox 566 2227 689 2291; x_wconf 85' lang='lat' dir='ltr'><strong>animae</strong></span> <span class='ocrx_word' id='word_1_78' title='bbox 704 2230 830 2292; x_wconf 88' lang='lat' dir='ltr'><strong>nostrae</strong></span> <span class='ocrx_word' id='word_1_79' title='bbox 852 2245 1030 2292; x_wconf 87' lang='lat' dir='ltr'><strong>mereamur</strong></span> <span class='ocrx_word' id='word_1_80' title='bbox 1053 2227 1200 2312; x_wconf 86' lang='lat' dir='ltr'><strong>accipere.</strong></span> <span class='ocrx_word' id='word_1_81' title='bbox 1230 2254 1255 2294; x_wconf 89' lang='lat' dir='ltr'><strong>lo</strong></span> 
     </span>
     <span class='ocr_line' id='line_1_11' title="bbox 75 2329 1203 2415; baseline 0.003 -22"><span class='ocrx_word' id='word_1_82' title='bbox 75 2329 103 2392; x_wconf 93' lang='lat' dir='ltr'><strong>in</strong></span> <span class='ocrx_word' id='word_1_83' title='bbox 124 2331 238 2397; x_wconf 79' lang='lat' dir='ltr'><strong>Christi</strong></span> <span class='ocrx_word' id='word_1_84' title='bbox 262 2332 346 2396; x_wconf 89' lang='lat' dir='ltr'><strong>enirn</strong></span> <span class='ocrx_word' id='word_1_85' title='bbox 370 2349 496 2414; x_wconf 88' lang='lat' dir='ltr'><strong>corpore</strong></span> <span class='ocrx_word' id='word_1_86' title='bbox 520 2333 563 2396; x_wconf 86' lang='lat' dir='ltr'><strong>sic</strong></span> <span class='ocrx_word' id='word_1_87' title='bbox 586 2332 654 2396; x_wconf 90' lang='lat' dir='ltr'><strong>uita</strong></span> <span class='ocrx_word' id='word_1_88' title='bbox 676 2335 784 2396; x_wconf 91' lang='lat' dir='ltr'><strong>nostra</strong></span> <span class='ocrx_word' id='word_1_89' title='bbox 806 2331 958 2412; x_wconf 87' lang='lat' dir='ltr'><strong>consistit,</strong></span> <span class='ocrx_word' id='word_1_90' title='bbox 982 2333 1061 2396; x_wconf 87' lang='lat' dir='ltr'><strong>sicut</strong></span> <span class='ocrx_word' id='word_1_91' title='bbox 1084 2333 1203 2415; x_wconf 90' lang='lat' dir='ltr'><strong>etipse</strong></span> 
     </span>
     <span class='ocr_line' id='line_1_12' title="bbox 75 2433 1203 2502; baseline 0.003 -5"><span class='ocrx_word' id='word_1_92' title='bbox 75 2433 313 2500; x_wconf 84' lang='lat' dir='ltr'><strong>dominusdirit:</strong></span> <span class='ocrx_word' id='word_1_93' title='bbox 337 2436 410 2500; x_wconf 91' lang='lat' dir='ltr'><strong>nisi</strong></span> <span class='ocrx_word' id='word_1_94' title='bbox 432 2437 750 2500; x_wconf 88' lang='lat' dir='ltr'><strong>rnanducaueritie</strong></span> <span class='ocrx_word' id='word_1_95' title='bbox 773 2453 920 2500; x_wconf 87' lang='lat' dir='ltr'><strong>carnem</strong></span> <span class='ocrx_word' id='word_1_96' title='bbox 944 2436 1018 2502; x_wconf 84' lang='lat' dir='ltr'><strong>filii</strong></span> <span class='ocrx_word' id='word_1_97' title='bbox 1041 2436 1203 2500; x_wconf 90' lang='lat' dir='ltr'><strong>hominis</strong></span> 
     </span>
     <span class='ocr_line' id='line_1_13' title="bbox 75 2539 1203 2624; baseline 0.004 -24"><span class='ocrx_word' id='word_1_98' title='bbox 75 2542 107 2602; x_wconf 88' lang='lat' dir='ltr'><strong>et</strong></span> <span class='ocrx_word' id='word_1_99' title='bbox 131 2539 306 2606; x_wconf 87' lang='lat' dir='ltr'><strong>biberitis</strong></span> <span class='ocrx_word' id='word_1_100' title='bbox 334 2541 556 2624; x_wconf 85' lang='lat' dir='ltr'><strong>sanguinem</strong></span> <span class='ocrx_word' id='word_1_101' title='bbox 584 2540 679 2621; x_wconf 83' lang='lat' dir='ltr'><strong>eine,</strong></span> <span class='ocrx_word' id='word_1_102' title='bbox 707 2557 779 2604; x_wconf 90' lang='lat' dir='ltr'><strong>non</strong></span> <span class='ocrx_word' id='word_1_103' title='bbox 806 2539 995 2605; x_wconf 87' lang='lat' dir='ltr'><strong>habebitis</strong></span> <span class='ocrx_word' id='word_1_104' title='bbox 1023 2541 1140 2605; x_wconf 89' lang='lat' dir='ltr'><strong>uitam</strong></span> <span class='ocrx_word' id='word_1_105' title='bbox 1167 2541 1203 2605; x_wconf 90' lang='lat' dir='ltr'><strong>in</strong></span> 
     </span>
     <span class='ocr_line' id='line_1_14' title="bbox 74 2643 1204 2729; baseline 0.002 -22"><span class='ocrx_word' id='word_1_106' title='bbox 74 2643 183 2710; x_wconf 90' lang='lat' dir='ltr'><strong>uobis.</strong></span> <span class='ocrx_word' id='word_1_107' title='bbox 228 2647 331 2709; x_wconf 90' lang='lat' dir='ltr'><strong>mutet</strong></span> <span class='ocrx_word' id='word_1_108' title='bbox 357 2645 562 2729; x_wconf 74' lang='lat' dir='ltr'><strong>eugenitem,</strong></span> <span class='ocrx_word' id='word_1_109' title='bbox 590 2645 643 2727; x_wconf 89' lang='lat' dir='ltr'><strong>qui</strong></span> <span class='ocrx_word' id='word_1_110' title='bbox 665 2645 734 2710; x_wconf 91' lang='lat' dir='ltr'><strong>uult</strong></span> <span class='ocrx_word' id='word_1_111' title='bbox 761 2644 899 2727; x_wconf 88' lang='lat' dir='ltr'><strong>accipere</strong></span> <span class='ocrx_word' id='word_1_112' title='bbox 927 2645 1035 2709; x_wconf 90' lang='lat' dir='ltr'><strong>uitam.</strong></span> <span class='ocrx_word' id='word_1_113' title='bbox 1080 2663 1154 2709; x_wconf 90' lang='lat' dir='ltr'><strong>nam</strong></span> <span class='ocrx_word' id='word_1_114' title='bbox 1177 2645 1204 2709; x_wconf 88' lang='lat' dir='ltr'><strong>ei</strong></span> 
     </span>
     <span class='ocr_line' id='line_1_15' title="bbox 73 2749 1257 2832; baseline 0.005 -22"><span class='ocrx_word' id='word_1_115' title='bbox 73 2765 131 2812; x_wconf 93' lang='lat' dir='ltr'><strong>non</strong></span> <span class='ocrx_word' id='word_1_116' title='bbox 152 2752 256 2814; x_wconf 88' lang='lat' dir='ltr'><strong>mutet</strong></span> <span class='ocrx_word' id='word_1_117' title='bbox 277 2750 387 2830; x_wconf 90' lang='lat' dir='ltr'><strong>uitam,</strong></span> <span class='ocrx_word' id='word_1_118' title='bbox 411 2749 450 2813; x_wconf 85' lang='lat' dir='ltr'><strong>ed</strong></span> <span class='ocrx_word' id='word_1_119' title='bbox 472 2749 623 2814; x_wconf 92' lang='lat' dir='ltr'><strong>iudicium</strong></span> <span class='ocrx_word' id='word_1_120' title='bbox 639 2749 770 2832; x_wconf 76' lang='lat' dir='ltr'><strong>accipiet</strong></span> <span class='ocrx_word' id='word_1_121' title='bbox 791 2749 890 2812; x_wconf 91' lang='lat' dir='ltr'><strong>uitam</strong></span> <span class='ocrx_word' id='word_1_122' title='bbox 906 2752 938 2814; x_wconf 88' lang='lat' dir='ltr'><strong>et</strong></span> <span class='ocrx_word' id='word_1_123' title='bbox 960 2749 1061 2832; x_wconf 88' lang='lat' dir='ltr'><strong>magis</strong></span> <span class='ocrx_word' id='word_1_124' title='bbox 1084 2769 1120 2813; x_wconf 84' lang='lat' dir='ltr'><strong>ex</strong></span> <span class='ocrx_word' id='word_1_125' title='bbox 1135 2750 1205 2832; x_wconf 85' lang='lat' dir='ltr'><strong>ipss</strong></span> <span class='ocrx_word' id='word_1_126' title='bbox 1231 2775 1257 2816; x_wconf 79' lang='lat' dir='ltr'><strong>ee</strong></span> 
     </span>
     <span class='ocr_line' id='line_1_16' title="bbox 74 2853 1202 2938; baseline 0.005 -26"><span class='ocrx_word' id='word_1_127' title='bbox 74 2856 285 2938; x_wconf 82' lang='lat' dir='ltr'><strong>corrumpetur</strong></span> <span class='ocrx_word' id='word_1_128' title='bbox 298 2872 393 2936; x_wconf 89' lang='lat' dir='ltr'><strong>quam</strong></span> <span class='ocrx_word' id='word_1_129' title='bbox 417 2853 590 2935; x_wconf 87' lang='lat' dir='ltr'><strong>sanabitur,</strong></span> <span class='ocrx_word' id='word_1_130' title='bbox 614 2853 714 2937; x_wconf 85' lang='lat' dir='ltr'><strong>magis</strong></span> <span class='ocrx_word' id='word_1_131' title='bbox 737 2853 887 2918; x_wconf 91' lang='lat' dir='ltr'><strong>occiditur</strong></span> <span class='ocrx_word' id='word_1_132' title='bbox 902 2870 997 2936; x_wconf 87' lang='lat' dir='ltr'><strong>quam</strong></span> <span class='ocrx_word' id='word_1_133' title='bbox 1019 2853 1202 2918; x_wconf 82' lang='lat' dir='ltr'><strong>uiurificetnr.</strong></span> 
     </span>
    </p>
   </div>
   <div class='ocr_carea' id='block_1_5' title="bbox 173 3007 424 3078">
    <p class='ocr_par' dir='ltr' id='par_1_5' title="bbox 173 3007 424 3078">
     <span class='ocr_line' id='line_1_17' title="bbox 173 3007 424 3078; baseline -0.016 -12"><span class='ocrx_word' id='word_1_134' title='bbox 173 3009 219 3078; x_wconf 84' lang='lat'><strong>12]</strong></span> <span class='ocrx_word' id='word_1_135' title='bbox 238 3007 332 3063; x_wconf 90' lang='lat' dir='ltr'><strong>Ioann.</strong></span> <span class='ocrx_word' id='word_1_136' title='bbox 345 3011 370 3074; x_wconf 87' lang='grc'><strong>6,</strong></span> <span class='ocrx_word' id='word_1_137' title='bbox 382 3011 424 3066; x_wconf 83' lang='lat'><strong>54.</strong></span> 
     </span>
    </p>
   </div>
   <div class='ocr_carea' id='block_1_6' title="bbox 68 3145 1207 4090">
    <p class='ocr_par' dir='ltr' id='par_1_6' title="bbox 68 3145 1207 4090">
     <span class='ocr_line' id='line_1_18' title="bbox 114 3145 1206 3220; baseline 0.002 -16"><span class='ocrx_word' id='word_1_138' title='bbox 114 3151 131 3204; x_wconf 89' lang='grc'><strong>3</strong></span> <span class='ocrx_word' id='word_1_139' title='bbox 147 3149 176 3204; x_wconf 89' lang='lat' dir='ltr'><strong>in</strong></span> <span class='ocrx_word' id='word_1_140' title='bbox 195 3147 259 3204; x_wconf 70' lang='lat' dir='ltr'><strong>omri</strong></span> <span class='ocrx_word' id='word_1_141' title='bbox 277 3146 321 3220; x_wconf 64' lang='lat' dir='ltr'><strong>ade</strong></span> <span class='ocrx_word' id='word_1_142' title='bbox 339 3147 470 3204; x_wconf 73' lang='lat' dir='ltr'><strong>trinitatis</strong></span> <span class='ocrx_word' id='word_1_143' title='bbox 487 3147 602 3219; x_wconf 76' lang='lat' dir='ltr'><strong>epistula</strong></span> <span class='ocrx_word' id='word_1_144' title='bbox 620 3145 657 3203; x_wconf 59' lang='lat' dir='ltr'><strong>sei</strong></span> <span class='ocrx_word' id='word_1_145' title='bbox 676 3148 786 3205; x_wconf 80' lang='lat' dir='ltr'><strong>faustini</strong></span> <span class='ocrx_word' id='word_1_146' title='bbox 804 3147 846 3219; x_wconf 71' lang='lat' dir='ltr'><strong>em</strong></span> <span class='ocrx_word' id='word_1_147' title='bbox 864 3149 892 3204; x_wconf 91' lang='lat' dir='ltr'><strong>in</strong></span> <span class='ocrx_word' id='word_1_148' title='bbox 911 3149 1046 3220; x_wconf 67' lang='lat' dir='ltr'><strong>nitatiuitee</strong></span> <span class='ocrx_word' id='word_1_149' title='bbox 1064 3149 1133 3217; x_wconf 80' lang='lat' dir='ltr'><strong>(erut</strong></span> <span class='ocrx_word' id='word_1_150' title='bbox 1151 3149 1206 3206; x_wconf 80' lang='lat' dir='ltr'><strong>te&#39;n</strong></span> 
     </span>
     <span class='ocr_line' id='line_1_19' title="bbox 72 3233 1206 3305; baseline 0.004 -18"><span class='ocrx_word' id='word_1_151' title='bbox 72 3237 136 3304; x_wconf 78' lang='lat' dir='ltr'><strong>rae.)</strong></span> <span class='ocrx_word' id='word_1_152' title='bbox 157 3236 204 3291; x_wconf 74' lang='lat' dir='ltr'><strong>drir</strong></span> <span class='ocrx_word' id='word_1_153' title='bbox 226 3233 269 3290; x_wconf 75' lang='lat' dir='ltr'><strong>nm</strong></span> <span class='ocrx_word' id='word_1_154' title='bbox 292 3235 339 3290; x_wconf 77' lang='lat' dir='ltr'><strong>ihu</strong></span> <span class='ocrx_word' id='word_1_155' title='bbox 362 3234 406 3305; x_wconf 66' lang='grc' dir='ltr'><strong>ῆι</strong></span> <span class='ocrx_word' id='word_1_156' title='bbox 428 3237 458 3292; x_wconf 91' lang='lat' dir='ltr'><em>D</em></span> <span class='ocrx_word' id='word_1_157' title='bbox 465 3256 475 3304; x_wconf 90' lang='lat'><em>;</em></span> <span class='ocrx_word' id='word_1_158' title='bbox 499 3241 586 3292; x_wconf 70' lang='lat' dir='ltr'><strong>emetat</strong></span> <span class='ocrx_word' id='word_1_159' title='bbox 612 3237 657 3292; x_wconf 81' lang='lat' dir='ltr'><strong>tie</strong></span> <span class='ocrx_word' id='word_1_160' title='bbox 681 3253 767 3292; x_wconf 77' lang='lat' dir='ltr'><strong>emmo</strong></span> <span class='ocrx_word' id='word_1_161' title='bbox 793 3239 865 3292; x_wconf 75' lang='lat' dir='ltr'><strong>inter</strong></span> <span class='ocrx_word' id='word_1_162' title='bbox 885 3238 1006 3292; x_wconf 72' lang='lat' dir='ltr'><strong>Mceime&#39;</strong></span> <span class='ocrx_word' id='word_1_163' title='bbox 1029 3238 1206 3294; x_wconf 65' lang='lat' dir='ltr'><strong>Taurinorum</strong></span> 
     </span>
     <span class='ocr_line' id='line_1_20' title="bbox 71 3323 1206 3395; baseline -0.001 -15"><span class='ocrx_word' id='word_1_164' title='bbox 71 3337 201 3380; x_wconf 72' lang='lat' dir='ltr'><strong>mmm</strong></span> <span class='ocrx_word' id='word_1_165' title='bbox 223 3323 320 3380; x_wconf 77' lang='lat' dir='ltr'><strong>dubios</strong></span> <span class='ocrx_word' id='word_1_166' title='bbox 342 3325 363 3378; x_wconf 92' lang='grc' dir='ltr'><strong><em>Ι</em></strong></span> <span class='ocrx_word' id='word_1_167' title='bbox 380 3323 484 3391; x_wconf 87' lang='lat' dir='ltr'><em>(LVII</em></span> <span class='ocrx_word' id='word_1_168' title='bbox 501 3327 554 3378; x_wconf 78' lang='grc'><strong>843</strong></span> <span class='ocrx_word' id='word_1_169' title='bbox 575 3324 689 3393; x_wconf 78' lang='lat' dir='ltr'><strong>Mtpoe),</strong></span> <span class='ocrx_word' id='word_1_170' title='bbox 716 3325 779 3378; x_wconf 70' lang='lat' dir='ltr'><strong>ium</strong></span> <span class='ocrx_word' id='word_1_171' title='bbox 805 3325 876 3378; x_wconf 81' lang='lat' dir='ltr'><strong>inter</strong></span> <span class='ocrx_word' id='word_1_172' title='bbox 901 3341 1034 3380; x_wconf 64' lang='lat' dir='ltr'><strong>ammorreo</strong></span> <span class='ocrx_word' id='word_1_173' title='bbox 1055 3325 1206 3395; x_wconf 73' lang='lat' dir='ltr'><strong>Aupeestine&#39;</strong></span> 
     </span>
     <span class='ocr_line' id='line_1_21' title="bbox 71 3409 1206 3482; baseline 0.004 -20"><span class='ocrx_word' id='word_1_174' title='bbox 71 3409 165 3468; x_wconf 74' lang='lat' dir='ltr'><strong>dubios</strong></span> <span class='ocrx_word' id='word_1_175' title='bbox 187 3410 271 3466; x_wconf 84' lang='lat' dir='ltr'><strong>CXV</strong></span> <span class='ocrx_word' id='word_1_176' title='bbox 284 3411 298 3478; x_wconf 93' lang='lat'><em>(</em></span> <span class='ocrx_word' id='word_1_177' title='bbox 300 3409 495 3465; x_wconf 84' lang='lat' dir='ltr'><strong><em>XXXVIIII</em></strong></span> <span class='ocrx_word' id='word_1_178' title='bbox 501 3414 572 3464; x_wconf 82' lang='lat'><em>1973</em></span> <span class='ocrx_word' id='word_1_179' title='bbox 583 3411 645 3478; x_wconf 71' lang='lat' dir='ltr'><strong>M),</strong></span> <span class='ocrx_word' id='word_1_180' title='bbox 661 3411 710 3466; x_wconf 75' lang='lat' dir='ltr'><strong>eoi</strong></span> <span class='ocrx_word' id='word_1_181' title='bbox 727 3411 777 3467; x_wconf 81' lang='lat' dir='ltr'><strong>tec</strong></span> <span class='ocrx_word' id='word_1_182' title='bbox 793 3411 872 3466; x_wconf 78' lang='lat' dir='ltr'><strong>tabet</strong></span> <span class='ocrx_word' id='word_1_183' title='bbox 889 3411 1043 3468; x_wconf 66' lang='lat' dir='ltr'><strong>mordiens:</strong></span> <span class='ocrx_word' id='word_1_184' title='bbox 1065 3411 1206 3482; x_wconf 86' lang='lat' dir='ltr'><strong>appropin-</strong></span> 
     </span>
     <span class='ocr_line' id='line_1_22' title="bbox 71 3495 1207 3566; baseline 0 -14"><span class='ocrx_word' id='word_1_185' title='bbox 71 3501 166 3564; x_wconf 78' lang='lat' dir='ltr'><strong>quante</strong></span> <span class='ocrx_word' id='word_1_186' title='bbox 187 3497 242 3552; x_wconf 85' lang='lat' dir='ltr'><strong>iam</strong></span> <span class='ocrx_word' id='word_1_187' title='bbox 264 3498 442 3552; x_wconf 83' lang='lat' dir='ltr'><strong>sacratissima</strong></span> <span class='ocrx_word' id='word_1_188' title='bbox 464 3495 650 3562; x_wconf 79' lang='lat' dir='ltr'><strong>sollemnitate,</strong></span> <span class='ocrx_word' id='word_1_189' title='bbox 673 3513 725 3566; x_wconf 87' lang='lat' dir='ltr'><strong>qua</strong></span> <span class='ocrx_word' id='word_1_190' title='bbox 746 3495 863 3552; x_wconf 79' lang='lat' dir='ltr'><strong>sulcator</strong></span> <span class='ocrx_word' id='word_1_191' title='bbox 885 3499 974 3552; x_wconf 83' lang='lat' dir='ltr'><strong>noster</strong></span> <span class='ocrx_word' id='word_1_192' title='bbox 995 3498 1066 3552; x_wconf 88' lang='lat' dir='ltr'><strong>inter</strong></span> <span class='ocrx_word' id='word_1_193' title='bbox 1086 3497 1207 3553; x_wconf 86' lang='lat' dir='ltr'><strong>homines</strong></span> 
     </span>
     <span class='ocr_line' id='line_1_23' title="bbox 71 3582 1207 3654; baseline 0.003 -18"><span class='ocrx_word' id='word_1_194' title='bbox 71 3585 141 3639; x_wconf 82' lang='lat' dir='ltr'><strong>nesci</strong></span> <span class='ocrx_word' id='word_1_195' title='bbox 154 3583 360 3640; x_wconf 83' lang='lat' dir='ltr'><strong>misericorditer</strong></span> <span class='ocrx_word' id='word_1_196' title='bbox 375 3583 471 3654; x_wconf 88' lang='lat' dir='ltr'><strong>uoluit,</strong></span> <span class='ocrx_word' id='word_1_197' title='bbox 487 3582 584 3638; x_wconf 82' lang='lat' dir='ltr'><strong>fratres</strong></span> <span class='ocrx_word' id='word_1_198' title='bbox 597 3583 733 3648; x_wconf 84' lang='lat' dir='ltr'><strong>carissimi,</strong></span> <span class='ocrx_word' id='word_1_199' title='bbox 752 3583 887 3638; x_wconf 81' lang='lat' dir='ltr'><strong>adtentius</strong></span> <span class='ocrx_word' id='word_1_200' title='bbox 900 3583 1075 3650; x_wconf 86' lang='lat' dir='ltr'><strong>considerate,</strong></span> <span class='ocrx_word' id='word_1_201' title='bbox 1094 3587 1207 3654; x_wconf 83' lang='lat' dir='ltr'><strong>qualiter</strong></span> 
     </span>
     <span class='ocr_line' id='line_1_24' title="bbox 70 3669 1207 3741; baseline 0.003 -18"><span class='ocrx_word' id='word_1_202' title='bbox 70 3675 190 3740; x_wconf 82' lang='lat' dir='ltr'><strong>oporteat</strong></span> <span class='ocrx_word' id='word_1_203' title='bbox 212 3688 260 3726; x_wconf 85' lang='lat' dir='ltr'><strong>mos</strong></span> <span class='ocrx_word' id='word_1_204' title='bbox 282 3672 311 3726; x_wconf 90' lang='lat' dir='ltr'><strong>in</strong></span> <span class='ocrx_word' id='word_1_205' title='bbox 333 3669 450 3726; x_wconf 85' lang='lat' dir='ltr'><strong>aduentu</strong></span> <span class='ocrx_word' id='word_1_206' title='bbox 468 3673 557 3726; x_wconf 85' lang='lat' dir='ltr'><strong>tantae</strong></span> <span class='ocrx_word' id='word_1_207' title='bbox 575 3671 709 3740; x_wconf 83' lang='lat' dir='ltr'><strong>potentiae</strong></span> <span class='ocrx_word' id='word_1_208' title='bbox 726 3671 886 3741; x_wconf 83' lang='lat' dir='ltr'><strong>praeparari,</strong></span> <span class='ocrx_word' id='word_1_209' title='bbox 908 3677 939 3726; x_wconf 84' lang='lat' dir='ltr'><strong>ut</strong></span> <span class='ocrx_word' id='word_1_210' title='bbox 961 3687 1050 3741; x_wconf 78' lang='lat' dir='ltr'><strong>regem</strong></span> <span class='ocrx_word' id='word_1_211' title='bbox 1073 3675 1099 3726; x_wconf 89' lang='lat' dir='ltr'><strong>et</strong></span> <span class='ocrx_word' id='word_1_212' title='bbox 1122 3671 1207 3726; x_wconf 90' lang='lat' dir='ltr'><strong>dorni·</strong></span> 
     </span>
     <span class='ocr_line' id='line_1_25' title="bbox 69 3757 1207 3828; baseline 0.001 -18"><span class='ocrx_word' id='word_1_213' title='bbox 69 3773 132 3813; x_wconf 87' lang='lat' dir='ltr'><strong>num</strong></span> <span class='ocrx_word' id='word_1_214' title='bbox 156 3761 278 3814; x_wconf 72' lang='lat' dir='ltr'><strong>mmmmm</strong></span> <span class='ocrx_word' id='word_1_215' title='bbox 307 3757 371 3813; x_wconf 87' lang='lat' dir='ltr'><strong>laeti</strong></span> <span class='ocrx_word' id='word_1_216' title='bbox 397 3761 477 3827; x_wconf 90' lang='lat' dir='ltr'><strong>atque</strong></span> <span class='ocrx_word' id='word_1_217' title='bbox 494 3757 640 3827; x_wconf 78' lang='lat' dir='ltr'><strong>gaudentes</strong></span> <span class='ocrx_word' id='word_1_218' title='bbox 664 3773 725 3812; x_wconf 90' lang='lat' dir='ltr'><strong>cnm</strong></span> <span class='ocrx_word' id='word_1_219' title='bbox 751 3757 836 3828; x_wconf 82' lang='lat' dir='ltr'><strong>gloria</strong></span> <span class='ocrx_word' id='word_1_220' title='bbox 862 3761 890 3812; x_wconf 83' lang='lat' dir='ltr'><strong>ct</strong></span> <span class='ocrx_word' id='word_1_221' title='bbox 911 3757 1035 3812; x_wconf 84' lang='lat' dir='ltr'><strong>laudibus</strong></span> <span class='ocrx_word' id='word_1_222' title='bbox 1058 3775 1207 3813; x_wconf 84' lang='lat' dir='ltr'><strong>mereamur</strong></span> 
     </span>
     <span class='ocr_line' id='line_1_26' title="bbox 69 3844 1206 3916; baseline -0.002 -16"><span class='ocrx_word' id='word_1_223' title='bbox 69 3847 201 3916; x_wconf 81' lang='lat' dir='ltr'><strong>suscipere</strong></span> <span class='ocrx_word' id='word_1_224' title='bbox 219 3849 247 3900; x_wconf 89' lang='lat' dir='ltr'><strong>et</strong></span> <span class='ocrx_word' id='word_1_225' title='bbox 267 3846 296 3900; x_wconf 89' lang='lat' dir='ltr'><strong>in</strong></span> <span class='ocrx_word' id='word_1_226' title='bbox 318 3849 459 3916; x_wconf 81' lang='lat' dir='ltr'><strong>conspectu</strong></span> <span class='ocrx_word' id='word_1_227' title='bbox 478 3845 533 3900; x_wconf 88' lang='lat' dir='ltr'><strong>eine</strong></span> <span class='ocrx_word' id='word_1_228' title='bbox 556 3845 626 3900; x_wconf 89' lang='lat' dir='ltr'><strong>inter</strong></span> <span class='ocrx_word' id='word_1_229' title='bbox 648 3847 737 3900; x_wconf 85' lang='lat' dir='ltr'><strong>coetus</strong></span> <span class='ocrx_word' id='word_1_230' title='bbox 759 3844 849 3900; x_wconf 81' lang='lat' dir='ltr'><strong>felices</strong></span> <span class='ocrx_word' id='word_1_231' title='bbox 871 3849 1024 3900; x_wconf 86' lang='lat' dir='ltr'><strong>sauctorum</strong></span> <span class='ocrx_word' id='word_1_232' title='bbox 1046 3845 1206 3914; x_wconf 79' lang='lat' dir='ltr'><strong>gratulando</strong></span> 
     </span>
     <span class='ocr_line' id='line_1_27' title="bbox 68 3931 1206 4004; baseline -0.002 -16"><span class='ocrx_word' id='word_1_233' title='bbox 68 3933 199 3990; x_wconf 78' lang='lat' dir='ltr'><strong>exsultare</strong></span> <span class='ocrx_word' id='word_1_234' title='bbox 218 3933 401 4003; x_wconf 73' lang='lat' dir='ltr'><strong>magnonem</strong></span> <span class='ocrx_word' id='word_1_235' title='bbox 420 3932 453 3987; x_wconf 90' lang='lat' dir='ltr'><strong>ab</strong></span> <span class='ocrx_word' id='word_1_236' title='bbox 472 3947 502 3986; x_wconf 90' lang='lat' dir='ltr'><strong>eo</strong></span> <span class='ocrx_word' id='word_1_237' title='bbox 520 3935 628 4004; x_wconf 87' lang='lat' dir='ltr'><strong>propter</strong></span> <span class='ocrx_word' id='word_1_238' title='bbox 645 3931 800 3988; x_wconf 82' lang='lat' dir='ltr'><strong>foeditatem</strong></span> <span class='ocrx_word' id='word_1_239' title='bbox 818 3935 937 3987; x_wconf 76' lang='lat' dir='ltr'><strong>noemam</strong></span> <span class='ocrx_word' id='word_1_240' title='bbox 955 3931 1053 4002; x_wconf 82' lang='lat' dir='ltr'><strong>repulsi</strong></span> <span class='ocrx_word' id='word_1_241' title='bbox 1066 3933 1136 3986; x_wconf 88' lang='lat' dir='ltr'><strong>inter</strong></span> <span class='ocrx_word' id='word_1_242' title='bbox 1147 3949 1206 4002; x_wconf 87' lang='lat' dir='ltr'><strong>pec-</strong></span> 
     </span>
     <span class='ocr_line' id='line_1_28' title="bbox 69 4019 1206 4090; baseline -0.002 -15"><span class='ocrx_word' id='word_1_243' title='bbox 69 4027 169 4076; x_wconf 76' lang='lat' dir='ltr'><strong>catores</strong></span> <span class='ocrx_word' id='word_1_244' title='bbox 201 4025 337 4076; x_wconf 82' lang='lat' dir='ltr'><strong>aeternam</strong></span> <span class='ocrx_word' id='word_1_245' title='bbox 367 4019 549 4076; x_wconf 79' lang='lat' dir='ltr'><strong>confusionem</strong></span> <span class='ocrx_word' id='word_1_246' title='bbox 576 4021 679 4075; x_wconf 85' lang='lat' dir='ltr'><strong>mereri.</strong></span> <span class='ocrx_word' id='word_1_247' title='bbox 706 4024 734 4076; x_wconf 89' lang='lat' dir='ltr'><strong>et</strong></span> <span class='ocrx_word' id='word_1_248' title='bbox 764 4019 824 4075; x_wconf 89' lang='lat' dir='ltr'><strong>ideo</strong></span> <span class='ocrx_word' id='word_1_249' title='bbox 851 4035 914 4090; x_wconf 80' lang='lat' dir='ltr'><strong>rogo</strong></span> <span class='ocrx_word' id='word_1_250' title='bbox 941 4023 969 4074; x_wconf 88' lang='lat' dir='ltr'><strong>ct</strong></span> <span class='ocrx_word' id='word_1_251' title='bbox 995 4035 1088 4074; x_wconf 89' lang='lat' dir='ltr'><strong>moneo</strong></span> <span class='ocrx_word' id='word_1_252' title='bbox 1114 4022 1142 4074; x_wconf 88' lang='lat' dir='ltr'><strong>ot</strong></span> <span class='ocrx_word' id='word_1_253' title='bbox 1168 4035 1206 4087; x_wconf 89' lang='lat' dir='ltr'><strong>qe.</strong></span> 
     </span>
    </p>
   </div>
   <div class='ocr_carea' id='block_1_7' title="bbox 68 4100 1207 4238">
    <p class='ocr_par' dir='ltr' id='par_1_7' title="bbox 68 4100 1207 4238">
     <span class='ocr_line' id='line_1_29' title="bbox 68 4100 1207 4238; baseline -0.004 -48"><span class='ocrx_word' id='word_1_254' title='bbox 68 4135 262 4208; x_wconf 59' lang='lat' dir='ltr'><strong>ocerannum</strong></span> <span class='ocrx_word' id='word_1_255' title='bbox 323 4133 532 4190; x_wconf 66' lang='lat' dir='ltr'><strong>onmem</strong></span> <span class='ocrx_word' id='word_1_256' title='bbox 583 4100 784 4238; x_wconf 65' lang='lat' dir='ltr'><strong>opiparum</strong></span> <span class='ocrx_word' id='word_1_257' title='bbox 815 4129 868 4190; x_wconf 50' lang='lat'><strong>*11</strong></span> <span class='ocrx_word' id='word_1_258' title='bbox 889 4133 1089 4202; x_wconf 71' lang='lat' dir='ltr'><strong>cmorporen</strong></span> <span class='ocrx_word' id='word_1_259' title='bbox 1145 4147 1207 4185; x_wconf 75' lang='lat' dir='ltr'><strong>eon-</strong></span> 
     </span>
    </p>
   </div>
   <div class='ocr_carea' id='block_1_8' title="bbox 66 4245 1207 4408">
    <p class='ocr_par' dir='ltr' id='par_1_8' title="bbox 66 4245 1207 4408">
     <span class='ocr_line' id='line_1_30' title="bbox 67 4245 1207 4316; baseline -0.003 -13"><span class='ocrx_word' id='word_1_260' title='bbox 67 4249 138 4304; x_wconf 82' lang='lat' dir='ltr'><strong>eittit</strong></span> <span class='ocrx_word' id='word_1_261' title='bbox 156 4251 188 4306; x_wconf 93' lang='lat' dir='ltr'><em>D</em></span> <span class='ocrx_word' id='word_1_262' title='bbox 249 4245 421 4303; x_wconf 81' lang='lat' dir='ltr'><strong>sicut-dixit</strong></span> <span class='ocrx_word' id='word_1_263' title='bbox 438 4249 480 4304; x_wconf 79' lang='lat' dir='ltr'><strong>bie</strong></span> <span class='ocrx_word' id='word_1_264' title='bbox 498 4247 528 4302; x_wconf 91' lang='lat' dir='ltr'><strong><em>D</em></strong></span> <span class='ocrx_word' id='word_1_265' title='bbox 582 4249 613 4303; x_wconf 82' lang='lat'><strong>12</strong></span> <span class='ocrx_word' id='word_1_266' title='bbox 631 4247 671 4302; x_wconf 88' lang='lat' dir='ltr'><strong>fili</strong></span> <span class='ocrx_word' id='word_1_267' title='bbox 689 4247 719 4302; x_wconf 89' lang='lat' dir='ltr'><strong><em>D</em></strong></span> <span class='ocrx_word' id='word_1_268' title='bbox 773 4249 805 4303; x_wconf 90' lang='grc'><strong>16</strong></span> <span class='ocrx_word' id='word_1_269' title='bbox 824 4248 1008 4316; x_wconf 85' lang='lat' dir='ltr'><strong>corrumpetur</strong></span> <span class='ocrx_word' id='word_1_270' title='bbox 1024 4245 1133 4315; x_wconf 62' lang='lat' dir='ltr'><strong>seipsi,</strong></span> <span class='ocrx_word' id='word_1_271' title='bbox 1150 4259 1207 4300; x_wconf 86' lang='lat' dir='ltr'><strong>ocr-</strong></span> 
     </span>
     <span class='ocr_line' id='line_1_31' title="bbox 66 4333 1012 4408; baseline -0.004 -18"><span class='ocrx_word' id='word_1_272' title='bbox 66 4337 176 4408; x_wconf 74' lang='lat' dir='ltr'><strong>rfipitrm·</strong></span> <span class='ocrx_word' id='word_1_273' title='bbox 193 4337 232 4404; x_wconf 88' lang='lat' dir='ltr'><strong>D,</strong></span> <span class='ocrx_word' id='word_1_274' title='bbox 251 4333 923 4404; x_wconf 78' lang='lat' dir='ltr'><strong>commpitur-sanetur-occiditur-uiuificetur</strong></span> <span class='ocrx_word' id='word_1_275' title='bbox 940 4333 1012 4406; x_wconf 72' lang='lat' dir='ltr'><strong>Aup.</strong></span> 
     </span>
    </p>
   </div>
   <div class='ocr_carea' id='block_1_9' title="bbox 0 0 1466 4924">
    <p class='ocr_par' dir='ltr' id='par_1_9' title="bbox 0 0 1466 4924">
     <span class='ocr_line' id='line_1_32' title="bbox 0 0 1466 4924; baseline 0 4"><span class='ocrx_word' id='word_1_276' title='bbox 0 0 1466 4924; x_wconf 95' lang='lat' dir='ltr'><strong> </strong></span> 
     </span>
    </p>
   </div>
  </div>
 </body>
</html>
