2944 4936
413 431 529 486 Fausti
548 432 695 502 episcopi
714 433 751 486 da
770 434 900 487 ratione
920 433 1010 488 fidei.
1219 437 1284 501 455

134 629 207 670 suas
224 609 254 668 in
271 611 362 686 gloria
378 612 553 671 diuinitatis:
578 614 706 684 omnia,
730 614 833 688 inquit,
857 632 943 688 quae
959 617 1056 690 pater
1072 616 1190 687 habet,
1214 633 1286 674 mea

135 721 233 789 sunt,
257 719 322 776 dum
339 718 407 778 dicit
421 719 526 790 omnia,
550 718 623 776 nihil
638 718 685 778 hic
700 719 826 792 reliquit,
847 739 902 794 quo
918 720 1014 779 minus
1030 720 1147 779 haberet
1161 739 1179 778 a
1194 727 1285 796 patre.

135 825 246 894 omniu,
262 825 357 895 idest,
374 823 461 882 unius
474 825 588 883 deitatis
601 825 768 900 potentiam,
785 825 987 895 substantiam,
1005 825 1190 886 maiestatem.
1219 828 1284 902 quis

137 949 204 990 unm
217 931 354 990 minorem
367 930 459 988 dicere
472 948 530 989 nou
542 931 700 1002 tremiscat,
712 931 761 1005 qui
773 947 804 988 se
816 931 889 1004 patri
904 932 1077 1006 generaliter
1088 935 1118 990 et
1129 949 1179 1007 ρετ·
1192 933 1288 992 omnia

134 1037 281 1096 ueridieus
304 1037 389 1095 testis
413 1039 560 1110 exaequat,
585 1035 661 1094 siorrt
683 1037 717 1096 de
740 1053 771 1095 eo
795 1037 975 1111 euangelista
997 1037 1179 1110 pronuntiat:
1212 1038 1287 1097 ideo
1326 1061 1339 1100 a

133 1142 305 1202 uolebant
320 1159 392 1200 eum
407 1143 525 1200 Iudaei
543 1141 765 1212 interficere,
786 1143 867 1215 qnia
883 1145 1013 1216 patrem
1034 1160 1129 1201 suum
1150 1143 1287 1202 dicebat

135 1249 237 1306 deum
253 1247 432 1321 aequalem
445 1264 480 1304 se
492 1245 627 1305 faciens
640 1248 712 1317 deu,
728 1249 758 1304 et
770 1247 803 1304 ad
816 1246 1032 1320 Philippenses:
1049 1263 1116 1306 non
1129 1249 1284 1322 rapinam

135 1353 337 1412 arbitratus
353 1355 406 1410 est
422 1369 498 1410 esse
514 1369 549 1409 se
565 1351 740 1425 aequalem
756 1352 829 1421 deo,
846 1351 872 1408 id
890 1355 943 1422 est,
960 1351 1161 1426 aequalitatem
1177 1352 1284 1412 diuini·

135 1457 220 1528 tatis,
244 1457 466 1532 quam1·ebellis
490 1457 610 1531 angelus
634 1472 779 1515 assumere
802 1456 892 1515 uoluit
914 1473 966 1531 per
987 1456 1128 1530 rapinam,
1153 1457 1283 1516 Christus

132 1562 270 1637 possidet
285 1581 335 1637 per
350 1565 492 1622 naturam.
1032 1569 1035 1576 '
1311 1587 1335 1624 ro

184 1667 253 1726 Cum
274 1685 341 1742 ergo
360 1667 451 1726 credis
472 1667 507 1736 ei,
531 1683 594 1725 oum
614 1683 645 1725 se
665 1667 696 1724 in
716 1665 840 1724 hominis
860 1666 1024 1724 substantia
1046 1665 1115 1724 dicit
1134 1667 1283 1738 minorem,
1317 1704 1320 1712 ·

136 1773 223 1830 crede
235 1771 270 1834 ei.
288 1790 351 1830 oum
363 1789 394 1830 se
410 1772 440 1830 in
457 1771 620 1830 diuinitatis
632 1771 796 1830 substantia
808 1770 957 1845 profitetur
968 1759 1123 1844 aequalem.
1151 1771 1284 1844 loquatur

135 1876 216 1935 filins
231 1876 368 1936 hominis:
385 1880 497 1951 pater,
515 1876 619 1950 inquit,
635 1877 741 1934 maior
756 1893 804 1934 me
820 1878 886 1944 est,
903 1876 1034 1950 loquatur
1049 1875 1125 1933 lilius
1142 1875 1200 1934 deit
1222 1894 1282 1952 ogo

133 1985 171 2040 et
186 1985 285 2056 pater
300 2001 402 2041 unum
418 2000 544 2041 sumus.
572 1983 655 2056 quasi
670 1981 752 2040 homo
769 1981 868 2051 esurit,
885 1981 967 2055 quasi
984 1983 1052 2040 deus
1065 1980 1191 2055 quinque
1203 1981 1283 2040 milia

134 2086 327 2146 esurientium
346 2087 473 2161 quinque
488 2087 611 2160 panibus
626 2085 761 2160 obsequio
781 2089 926 2144 creaturae
947 2102 1015 2143 suae
1035 2085 1165 2144 exsatiat.
1198 2086 1280 2160 quasi
1309 2107 1333 2146 rs

136 2192 222 2250 homo
238 2191 269 2250 in
281 2207 363 2250 cruca
375 2193 489 2266 pendet,
505 2191 587 2265 quasi
600 2193 668 2250 deus
681 2190 711 2248 in
724 2190 887 2264 paradisum
899 2191 932 2247 de
945 2207 1026 2248 cruee
1039 2190 1176 2248 latronem
1190 2191 1281 2264 gestis

135 2313 315 2371 peromnem
334 2298 471 2354 muudum
492 2296 674 2369 loquentibus
695 2295 851 2353 introducit
865 2294 975 2352 dicens:
998 2311 1092 2352 amen
1109 2295 1183 2354 dico
1206 2295 1279 2354 tibi.

133 2401 236 2460 hodio
259 2417 385 2458 mecum
409 2401 480 2458 eris
504 2401 538 2459 iir
561 2399 733 2474 paradiso.
773 2417 827 2472 quc
848 2403 974 2474 tempore
994 2415 1097 2472 corpus
1120 2398 1225 2458 domini
1250 2398 1280 2457 iu

133 2505 247 2564 tumulo
262 2504 327 2576 init,
344 2504 487 2564 animuin
504 2503 628 2575 inferno,
645 2503 783 2562 diuinitas
799 2504 830 2562 in
846 2504 977 2577 paradiso
993 2505 1022 2562 et
1038 2503 1068 2561 in
1084 2503 1160 2562 caelo
1177 2503 1280 2577 ubique

134 2609 215 2668 intra
231 2627 261 2668 se
277 2609 373 2668 omnia
387 2608 612 2684 supereminenti
630 2608 788 2666 maiestatis
806 2608 998 2666 immensitate
1013 2608 1213 2682 complectens.
1307 2630 1332 2668 so

179 2715 339 2774 &cundum
358 2714 500 2772 hominem
516 2713 609 2772 minor
629 2713 742 2784 dieitur,
765 2714 878 2786 quando
899 2712 1156 2787 comprehenditur,
1180 2712 1278 2786 flagel-

133 2819 220 2888 latur,
237 2817 424 2893 crucifigitur,
440 2819 569 2887 moritur,
587 2817 733 2892 sepelitur,
750 2818 904 2875 secuudum
921 2818 1002 2874 deum
1018 2833 1069 2890 per·
1081 2817 1216 2874 uirtutem
1232 2835 1277 2874 re-

133 2922 322 2982 surrectionis
338 2923 370 2981 in
385 2922 520 2981 caelestia
535 2922 715 2992 sublimatus,
735 2921 817 2995 quasi
833 2921 915 2981 horno
931 2923 1064 2995 suscepta
1079 2923 1179 2990 morte,
1195 2921 1276 2994 quasi

132 3029 204 3087 deus
225 3045 312 3101 super
331 3030 458 3086 mortem.
489 3028 643 3085 secundum
663 3027 738 3084 hano
758 3026 884 3101 regulam
900 3026 980 3086 modo
999 3041 1106 3100 pauper
1122 3027 1175 3094 est,
1197 3026 1277 3084 modo

132 3133 224 3202 diues,
241 3133 322 3192 modo
337 3132 439 3203 minor,
456 3133 536 3190 modo
552 3131 689 3206 aequalis,
705 3132 786 3189 modo
802 3129 943 3202 dominus,
959 3131 1039 3189 modo
1055 3147 1166 3188 seruus.
1303 3152 1328 3190 rs

178 3237 258 3295 Tunc
278 3254 345 3312 ergo
360 3237 453 3296 minor
469 3241 549 3311 patre
569 3238 710 3308 credatur,
734 3237 847 3309 quaudo
867 3235 1031 3310 angelorum
1048 3234 1176 3292 eonditor
1191 3233 1276 3307 paulo

131 3341 230 3401 minus
250 3344 285 3400 ab
306 3341 417 3416 angelis
437 3341 607 3412 minoratur,
631 3341 706 3400 siout
724 3341 756 3399 in
771 3343 871 3400 octauo
887 3339 995 3414 psalmo
1011 3339 1146 3414 legimus:
1170 3338 1275 3398 mino·

239 3527 265 3596 1]
279 3527 370 3581 Ioaun.
383 3530 422 3590 16,
435 3531 474 3583 15.
529 3525 747 3596 5]10ann.5,18.
797 3525 980 3594 7]Phi1.s,o.
1031 3526 1074 3594 13]
1086 3524 1273 3589 loauu.ll,·28.

132 3613 226 3668 loson.
242 3617 282 3678 lo,
295 3616 336 3670 30.
393 3614 437 3683 17]
458 3613 630 3677 Lucusta.
684 3613 729 3682 27]
749 3612 847 3667 Psalm.
861 3617 885 3676 8,
899 3616 922 3667 7.

176 3787 280 3856 ‘dquod
294 3790 364 3858 Aap.
418 3788 723 3858 loontremisoatrlup.
778 3786 936 3843 5uiudicus
951 3787 973 3842 S
1024 3785 1151 3840 oludsei
1170 3801 1231 3838 eum
1248 3787 1275 3840 P

130 3879 148 3932 8
166 3891 223 3928 esse
241 3893 291 3931 ont.
305 3876 333 3930 P
383 3879 399 3930 9
418 3877 451 3943 cs.
465 3876 591 3930 Breaior.
604 3893 630 3944 p.
644 3879 711 3930 226:
729 3873 773 3927 ille
792 3889 861 3942 ergo,
880 3873 926 3942 qui
944 3872 1059 3926 habebat
1076 3871 1272 3940 aequalitatem,

130 3977 185 4014 non
204 3965 244 4014 est
262 3960 406 4015 arbitratus
424 3977 471 4030 per
490 3961 619 4031 rapinam,
638 3961 685 4014 sed
703 3977 783 4028 quam
799 3959 906 4013 rebellis
920 3959 1029 4028 augelus
1042 3975 1174 4012 assumere
1188 3957 1272 4012 uoluit

130 4065 179 4117 per
192 4048 320 4117 rapinam,
334 4048 456 4104 Christus
469 4047 585 4118 possedit
597 4065 644 4116 par
657 4053 780 4102 naturam
835 4051 867 4103 10
879 4045 997 4116 possedit
1009 4049 1080 4116 Aap.
1137 4049 1165 4100 ll
1181 4045 1272 4099 credas

130 4137 203 4205 Aup.
260 4138 292 4190 14
310 4138 344 4204 cs.
358 4137 440 4190 Petro
454 4153 484 4205 p.
497 4139 562 4190 157:
580 4136 654 4204 quasi
674 4135 754 4189 homo
773 4135 863 4199 esurit,
882 4134 955 4202 quasi
976 4133 1040 4187 deus
1058 4131 1272 4202 quinquemillia

129 4222 304 4276 esurientium
333 4221 512 4277 crescentibus
540 4221 606 4276 cibis
634 4223 762 4276 interiora
788 4222 951 4276 sumentium
982 4219 1107 4288 obsequio
1137 4223 1271 4273 creaturae

130 4310 271 4364 seruientia
289 4310 401 4364 exsatiat
468 4313 499 4366 19
517 4310 545 4364 iu
564 4309 636 4364 caelo
654 4315 682 4364 et
700 4311 750 4364 PS
809 4311 843 4364 20
863 4308 1021 4376 maiestatis]
1042 4323 1103 4360 susc
1121 4307 1184 4362 add.
1200 4309 1269 4378 Αττρ.

129 4397 337 4454 immensitatem
357 4398 384 4454 P
434 4399 468 4456 23
487 4396 648 4454 sublimatur
667 4400 737 4469 dap.
792 4398 825 4456 26
844 4395 967 4456 credatur
985 4399 1059 4474 patre
1079 4399 1150 4475 Aap.
