2886 4928
526 449 624 504 Liber
645 451 672 504 11
691 453 715 504 l.
1130 453 1188 515 141

68 628 211 690 scrutante
235 626 463 709 cognoscimus,
496 627 568 709 agni
591 626 750 706 intest-ina,
774 625 805 690 id
829 630 877 690 est
900 627 1117 710 mysteriorum
1142 645 1192 691 oe-

66 729 136 792 oolta
165 747 336 794 sumamus.
384 730 543 794 scrutandi
571 730 655 794 enim
679 729 819 794 studium
843 730 976 794 auiditas
1000 730 1192 814 intellegitur

65 831 226 916 deuorandi,
251 834 333 898 siout
355 838 387 898 et
410 835 470 898 alio
493 835 561 898 loeo
585 835 717 918 dupliois
744 834 938 898 substantiae
963 833 1190 899 absolutionem

65 937 133 1001 idem
148 943 416 1004 sacramentorum
431 939 587 1004 reuelator
602 939 741 1003 insinuat
761 939 880 1003 dicem:
905 938 1039 1022 uulpes
1063 939 1190 1004 foueas

65 1041 187 1107 hahent
215 1047 252 1108 et
280 1044 453 1108 uolucres
477 1043 572 1108 caeli
600 1043 720 1124 uideo,
747 1043 854 1107 filius
878 1047 1002 1108 autem
1025 1043 1190 1108 hominis
1230 1071 1242 1110 o

65 1147 265 1228 nonhabet,
286 1147 348 1212 ubi
369 1151 480 1232 eaput
500 1167 605 1212 suum
621 1148 791 1212 reclinet.
826 1147 884 1212 hoo
900 1152 962 1212 est:
979 1148 1102 1212 dolosae
1118 1148 1191 1212 hae-

65 1270 134 1316 reses
160 1253 396 1318 obtenebrosae
419 1254 469 1318 uel
493 1271 602 1318 aereae
625 1256 795 1337 potestates
819 1253 925 1318 sedem
949 1253 1008 1317 sibi
1031 1254 1063 1317 in
1086 1257 1191 1337 pecto-

64 1355 133 1420 ribus
161 1357 307 1422 humanis
338 1357 493 1441 profunda
523 1358 732 1423 dominatione
763 1362 943 1442 posuerunt,
974 1377 1025 1422 me
1048 1377 1121 1424 uero
1144 1359 1191 1422 in-

64 1457 187 1526 fidelium
218 1461 325 1542 eorda,
357 1480 450 1544 quem
481 1462 639 1527 hominem
672 1463 705 1526 in
736 1480 829 1534 earne
860 1462 1063 1546 conspiciunt,
1098 1463 1191 1527 deum

65 1563 132 1629 intra
153 1567 312 1631 hominem
336 1566 433 1631 latere
457 1585 518 1631 non
541 1566 680 1631 eredunt.
724 1567 830 1631 foueas
854 1567 938 1631 enim
962 1571 993 1632 et
1016 1567 1105 1633 nidos
1129 1585 1191 1632 non
1218 1597 1244 1635 ιο

64 1671 227 1736 transitoria
257 1675 289 1736 et
315 1675 536 1736 momentonea
559 1671 726 1756 designant
747 1671 937 1752 habitacula,
968 1671 1023 1736 sed
1045 1672 1191 1736 diuturna

65 1775 87 1835 et
112 1794 218 1840 secura
239 1776 437 1860 possessione
460 1775 601 1856 fundata,
633 1794 711 1858 quae
735 1777 915 1858 serpentina
937 1776 1086 1841 uitiorum
1109 1777 1190 1840 mul·

63 1877 188 1959 tiplioent
222 1881 422 1946 nutrimenta.
476 1881 635 1963 apostolus
667 1881 761 1945 etiam
792 1881 869 1945 duas
900 1881 1093 1946 substantias
1125 1881 1191 1945 eui-

63 1980 155 2049 denter
170 1989 292 2050 remota
308 1986 494 2050 sacramenti
510 1984 700 2050 obscuritate
717 1986 847 2070 digessit
863 1985 908 2050 ita
923 1985 1042 2050 dioens:
1064 1989 1189 2069 patres

64 2091 181 2172 nostri,
211 2109 251 2155 ex
275 2091 410 2173 quibus
434 2089 608 2155 Christus
633 2091 836 2155 seeundum
859 2108 1022 2172 earnem,
1046 2090 1109 2172 qui
1132 2093 1190 2154 est
1217 2117 1242 2156 rs

63 2209 158 2276 snper
180 2197 305 2260 omnia
327 2196 415 2260 deus
438 2195 661 2260 benedictus
683 2197 718 2260 in
740 2197 900 2260 saecula.

98 2296 151 2364 Sed
171 2301 260 2365 diois:
286 2301 445 2383 apostolus
466 2300 543 2364 duas
563 2305 685 2374 tantum
703 2318 851 2384 personas
868 2301 900 2365 in
917 2317 1046 2384 operum
1063 2317 1190 2364 suorum

64 2403 209 2469 uolumine
225 2405 400 2485 confitetur,
425 2405 507 2470 siout
530 2406 569 2469 ad
590 2405 765 2471 Corinthios
788 2406 941 2488 loquitur:
965 2405 1103 2470 Paulus
1127 2421 1190 2469 uo-

62 2511 155 2573 catus
178 2510 374 2593 apostolus
390 2509 476 2574 Iesu
493 2507 637 2575 Christi
659 2529 722 2594 ρετ
745 2511 977 2575 uoluntatem
1001 2509 1073 2590 dei,
1097 2513 1129 2574 et
1151 2509 1190 2573 ad

62 2605 190 2678 Galatas:
214 2614 355 2679 Paulus
380 2613 572 2697 apostolus
596 2633 667 2678 non
688 2613 731 2679 ab
752 2613 966 2678 hominibus
988 2632 1105 2695 neque
1127 2633 1190 2697 per
1216 2639 1243 2680 το

62 2712 248 2800 homiuem,
279 2718 344 2783 sed
374 2739 438 2802 per
460 2719 585 2783 Iesum
610 2718 798 2784 Christum
830 2721 866 2784 et
896 2719 1001 2783 deum
1031 2723 1189 2802 patrem,

62 2821 114 2900 qui
142 2824 346 2889 suseitauit
377 2841 458 2888 eum
489 2841 507 2888 a
538 2825 711 2905 mortuis,
747 2829 778 2888 et
807 2825 936 2888 iterum:
973 2841 1065 2888 unus
1100 2823 1189 2887 deus

61 2929 168 3008 pater,
200 2947 240 2994 ex
271 2946 339 3010 quo
370 2929 495 2993 omnia
525 2933 561 2992 et
591 2947 653 2994 nos
678 2930 714 2993 in
739 2929 819 3013 ipso
843 2932 878 2992 et
901 2947 995 2993 unus
1019 2927 1189 2992 dominus

62 3025 157 3095 lesus
187 3031 376 3113 Christus,
411 3053 475 3116 per
508 3052 613 3115 quem
648 3034 770 3098 omnia
801 3037 837 3097 et
867 3051 932 3098 nos
962 3051 1025 3116 ρετ
1056 3032 1188 3116 ipsum.

61 3135 219 3201 seeundum
243 3137 321 3202 haee
344 3137 420 3201 dieis
444 3138 564 3202 nullam
587 3139 624 3202 de
650 3138 760 3222 spiritu
781 3141 888 3202 saneto
905 3137 1189 3202 fierimenlionem.
1216 3161 1241 3201 aa

60 3241 90 3300 ut
114 3238 248 3308 breuiter
272 3242 423 3324 dieamus,
455 3241 570 3308 oblitus
595 3261 638 3324 es,
663 3243 745 3326 quod
768 3243 926 3326 apostolus
950 3243 1059 3325 spiritu
1082 3245 1189 3306 saneto

60 3340 159 3422 plenus
180 3345 259 3412 haee
274 3347 396 3430 populis
412 3349 480 3431 ipso
496 3348 667 3431 inspirante
684 3348 721 3411 de
737 3351 825 3430 patre
842 3347 964 3429 filioque
980 3345 1187 3430 praedicabat.

60 3443 189 3528 loquenti
212 3453 318 3534 itaque
342 3451 380 3516 de
403 3453 502 3536 patris
526 3470 560 3516 ae
584 3451 639 3518 lilii
662 3453 841 3534 operatione
864 3455 895 3516 et
918 3452 970 3516 ille
993 3471 1055 3517 non
1072 3452 1189 3533 deerat,

61 3697 98 3766 22]
152 3615 387 3684 emorousae.
440 3616 481 3685 14}
502 3617 652 3678 Romu-h.
704 3616 859 3685 l8llCor.
876 3619 898 3679 1,
914 3620 935 3672 1.
989 3615 1187 3684 20]Ga1.1,1.

59 3707 65 3720 ·
116 3699 254 3770 Ερ1τ.4,6.

99 3859 218 3928 lignisv
266 3861 446 3915 misteriorum
456 3861 512 3916 PV
556 3861 685 3916 ooultaP
730 3859 942 3929 hintellegitV¹
991 3861 1191 3914 dheresesPV

60 3969 289 4030 suamnauouev
359 3973 507 4028 infidelium
530 3977 637 4044 seipsi,
661 3975 688 4027 in
712 3973 832 4028 fidelium
851 3975 916 4030 libri
985 3939 1099 4042 9qurlm
1124 3973 1188 4040 V(e

60 4073 121 4113 mou.
143 4061 210 4128 ult),
237 4061 282 4130 qui
311 4062 338 4116 P
425 4065 455 4118 ll
485 4061 626 4129 designant
658 4063 703 4130 V1,
731 4060 905 4129 designantur
936 4062 982 4129 Vl,
1014 4061 1137 4128 designat
1164 4061 1191 4114 P

62 4145 88 4197 12
104 4149 338 4214 possessioueml'
400 4149 528 4202 uiolorum
548 4149 576 4202 P
639 4151 672 4204 13
690 4149 783 4218 etiam]
803 4148 908 4204 enimv
978 4151 1009 4203 14
1029 4146 1137 4200 deiessit
1155 4147 1188 4214 P,

60 4230 178 4290 adimite
238 4239 268 4292 15
288 4234 395 4304 quibus]
415 4235 563 4290 nubibusu
621 4235 783 4291 1711ε1111
839 4237 870 4292 18
888 4234 1043 4289 eonfitetV
1102 4235 1187 4287 eorlrr·

60 4315 171 4376 lheosV
224 4325 255 4378 19
279 4325 306 4376 et
329 4322 363 4376 ed
386 4322 495 4378 Galatas
517 4323 616 4378 ouuV
665 4323 699 4378 20
722 4321 842 4390 galathas
860 4323 887 4377 P
937 4323 970 4377 21
988 4320 1104 4390 populis]
1126 4337 1186 4392 upo-

61 4405 126 4460 stolls
139 4409 165 4463 P
215 4413 250 4466 28
268 4409 384 4478 igituro
437 4415 511 4479 petre
531 4411 558 4464 P
