2924 4924
236 376 301 443 230
683 371 749 436 ΠΠ.
768 381 877 436 Sermo
896 385 919 438 2.

237 555 283 618 sol
306 554 343 618 de
368 573 492 619 summa
515 557 679 622 altitudine
702 557 849 623 claritatis
877 561 1025 642 paternae
1048 561 1240 626 descendens
1262 561 1369 626 urrlnae

236 658 398 743 uirginalis
431 659 551 725 aditum
584 662 748 743 reserauit,
786 662 881 728 totius
917 663 1025 728 mundi
1058 664 1222 748 caliginem
1256 665 1370 748 fulgida

237 765 448 829 coruscatione
470 766 627 848 respersit.
670 766 784 848 ducite,
814 765 922 832 fideles
953 767 1079 849 Christi,
1109 769 1223 834 festina
1253 771 1367 854 modia

237 887 286 932 res
310 868 400 933 nobis
427 869 519 934 hodic
545 870 629 934 lacta
652 874 700 934 est
722 889 814 951 noua,
842 873 927 953 quae
949 873 1024 938 olim
1051 873 1154 938 fuerat
1175 875 1368 957 repromissa,

199 975 274 1041 aut
307 973 373 1037 sine
409 973 537 1058 uirginis
572 974 758 1039 detrimento
795 975 922 1057 pudoris
956 977 1054 1041 filium
1094 977 1248 1042 lactarent
1280 977 1369 1042 ubera

238 1077 415 1161 genetricis.

281 1181 369 1246 Haec
385 1187 433 1246 est
455 1182 509 1247 illa
532 1183 654 1248 nouitas
670 1183 847 1248 Hieremiae
869 1185 1038 1268 prophetae
1054 1185 1201 1251 uaticinio
1223 1187 1369 1251 nuntiata

239 1286 367 1366 faciat,
400 1287 511 1368 inquit,
542 1289 713 1352 dominus
744 1307 879 1354 nouum
911 1309 1021 1372 super
1051 1293 1204 1372 terram,
1231 1295 1264 1355 ct
1289 1291 1370 1373 qnasi

240 1391 397 1472 quandam
419 1391 579 1456 lucernam
603 1392 694 1456 huius
718 1391 916 1458 obscuritatis
939 1394 1111 1458 accendens
1134 1394 1282 1459 continno
1304 1394 1371 1458 snb-

189 1522 214 1562 ιο
240 1495 326 1559 iecit:
350 1495 490 1560 lamina
512 1495 759 1561 circumdabit
780 1496 910 1562 uirum.
946 1497 1005 1562 boe
1021 1501 1080 1578 est,
1095 1499 1235 1580 inquam,
1251 1516 1370 1577 nouum,

241 1599 323 1682 quod
346 1605 576 1683 superterram
600 1601 666 1666 dico
690 1601 851 1666 dominum
875 1602 1133 1683 esculentorum,
1157 1603 1239 1683 quod
1262 1603 1372 1666 semina

241 1705 445 1769 circumdabit
473 1707 586 1770 uirum.
633 1705 796 1787 aduertite,
835 1707 964 1787 fratrea,
1000 1710 1031 1770 et
1059 1725 1110 1770 me
1139 1707 1245 1790 potius
1275 1710 1371 1771 nestro

241 1809 402 1874 intellectu
424 1810 611 1892 praecedite.
635 1809 763 1890 femina,
786 1809 899 1893 inquit,
923 1810 1127 1876 circumdabit
1148 1811 1263 1876 uimm.
1294 1811 1372 1876 ol·

241 1914 328 1978 mina
350 1933 443 1996 super
466 1915 599 1979 feminas
622 1915 795 1996 benedicta,
819 1933 899 1998 quae
919 1919 951 1980 et
973 1916 1076 1979 uirum
1099 1933 1162 1980 non
1182 1916 1325 1999 cognonit
1346 1917 1374 1978 et

190 2043 215 2085 rs
242 2020 345 2083 uirum
368 2037 424 2083 suo
448 2023 535 2084 utero
559 2019 770 2101 circumdedit,
794 2037 872 2102 quae
896 2020 1063 2084 concubitu
1086 2020 1202 2084 carnali
1225 2038 1288 2084 non
1309 2023 1373 2083 tan-

242 2123 326 2207 gitur
357 2127 388 2187 et
414 2127 520 2190 tamen
552 2141 664 2188 carnea
694 2125 780 2207 prole
815 2125 852 2187 de
885 2124 1013 2207 spiritali
1044 2124 1163 2188 semine
1194 2124 1372 2207 gratrrlatnr.

243 2227 414 2292 circumdat
436 2228 538 2292 uirum
561 2227 663 2292 Maria
685 2229 796 2312 angelo
819 2228 913 2294 fidem
936 2228 1047 2309 dando,
1071 2229 1144 2310 quia
1158 2227 1227 2292 Eua
1249 2226 1374 2312 perdidit

244 2334 346 2395 uirum
379 2333 516 2414 serpenti
546 2332 776 2397 consentiendo.
813 2332 918 2413 faciet,
949 2333 1059 2415 inquit,
1090 2332 1234 2396 dominus
1266 2349 1375 2396 nouum

244 2455 337 2519 super
367 2439 492 2501 terram.
539 2441 573 2500 ut
602 2437 699 2520 igitur
730 2436 920 2502 exhibendae
952 2437 1044 2500 huius
1075 2437 1224 2500 nouitatis
1256 2439 1374 2518 tempus

192 2565 217 2604 ao
246 2541 380 2621 aduenit,
409 2541 551 2604 caelestis
579 2541 618 2606 ad
645 2541 799 2625 uirginem
826 2541 1035 2623 praemitt'tur
1062 2540 1207 2621 nuntiae,
1236 2539 1377 2604 salutauit

245 2646 375 2728 angelus
399 2645 537 2728 puellam
561 2646 620 2710 uiri
643 2645 839 2710 salutationis
861 2646 1012 2729 ignaram.
1039 2649 1173 2708 terretur
1193 2644 1280 2727 uirgo
1295 2641 1378 2707 noni-

246 2753 311 2814 tate
327 2748 504 2830 uerborum,
528 2751 681 2832 adquam
705 2751 850 2834 angelus:
883 2767 926 2812 ne
949 2750 1098 2828 timeas,
1121 2748 1232 2830 inquit,
1255 2746 1377 2824 Maria,

246 2855 428 2918 inuenisti
456 2854 554 2918 enim
581 2854 741 2938 gratiam
770 2855 865 2937 apud
893 2853 1089 2918 dominum.
1135 2871 1184 2932 ne,
1209 2852 1319 2934 inquit,
1341 2849 1376 2912 ad

247 2963 449 3042 conspectum
467 2977 581 3038 meum,
607 2963 706 3022 mater
723 2958 839 3022 domini
856 2959 927 3038 mei,
951 2957 1106 3037 terrearis
1129 2973 1187 3039 ego
1211 2955 1379 3037 conceptio·

196 3085 221 3126 aa
248 3063 296 3127 nis
320 3066 392 3127 tuae
417 3063 557 3127 minister
581 3063 701 3143 adueni,
730 3063 796 3145 ipse
820 3081 870 3126 rne
894 3062 979 3126 misit
1002 3061 1041 3125 ad
1064 3065 1106 3140 te,
1135 3061 1186 3142 qui
1211 3065 1259 3124 est
1284 3057 1379 3156 nasci-

250 3171 337 3230 turus
366 3187 401 3230 er
425 3171 467 3247 te,
494 3167 561 3250 ipse
585 3167 641 3232 tibi
668 3187 722 3250 per
745 3187 795 3230 me
819 3167 984 3231 adnuntiat
1010 3165 1169 3249 gaudium,
1197 3165 1248 3228 cui
1270 3163 1380 3246 placuit

249 3273 280 3336 in
304 3276 390 3336 utero
414 3277 555 3336 tuo-cum
577 3272 715 3336 humana
737 3275 849 3336 natura
872 3271 1039 3354 mysticum
1063 3269 1179 3334 sociare
1196 3268 1378 3350 coniugium.

250 3376 432 3440 inuenisti
462 3377 622 3459 gratiam
650 3376 746 3458 apud
778 3375 898 3456 deum,
931 3393 1015 3438 ecce
1042 3372 1235 3456 concipies
1262 3375 1298 3436 et
1326 3388 1381 3454 pa·

355 3575 382 3644 8]
401 3573 517 3628 Hieram.
530 3577 572 3638 31,
586 3577 626 3630 22.
680 3573 726 3643 22]
744 3572 808 3628 Luc.
823 3577 846 3638 1,
859 3573 900 3628 30.
954 3571 1000 3640 28]
1019 3569 1082 3633 Luc.
1097 3573 1120 3634 l,
1133 3572 1174 3626 30.

297 3761 444 3828 lpaterne
467 3759 496 3812 D
549 3757 686 3811 discedens
710 3757 739 3810 D
791 3755 871 3809 uulua
891 3757 920 3810 D
978 3752 1160 3810 tresoruauit
1177 3753 1207 3808 D
1265 3749 1383 3804 totnsD

253 3845 366 3902 thedis
428 3859 478 3912 quc
496 3845 526 3898 D
586 3843 652 3898 ollid
669 3845 699 3898 D
760 3843 900 3912 eppheta
924 3843 953 3897 D
1014 3838 1147 3909 8inqnid
1172 3838 1202 3893 D
1262 3836 1382 3892 liconti-

254 3949 321 3988 nuos
339 3934 368 3988 D
427 3935 458 3986 10
482 3931 593 3984 laminas
617 3933 646 3985 D
700 3934 731 3985 12
754 3930 844 3999 putius
863 3930 892 3983 D
952 3931 983 3984 13
1000 3927 1149 3998 praecedite
1169 3927 1250 3994 Aac,
1271 3923 1386 3992 puteo

254 4019 366 4098 lennnaa
385 4019 414 4073 D
466 4017 559 4086 inquid
578 4019 607 4072 D
661 4019 693 4072 14
712 4032 761 4084 quo
776 4018 804 4070 D
858 4018 889 4070 15
909 4031 959 4083 quc
976 4015 1006 4070 D
1055 4011 1239 4068 concubitoD
1293 4009 1386 4077 lbspi-

255 4099 332 4188 ritate}
351 4133 381 4186 D
432 4130 533 4184 semine
550 4147 684 4198 suprascr.
700 4131 729 4184 D
781 4127 966 4197 gratulabatur
984 4129 1013 4183 D
1073 4129 1104 4182 17
1123 4125 1184 4178 uirri
1202 4139 1337 4194 capream.
1353 4121 1388 4176 D’

255 4219 411 4288 quiarlup,
428 4217 521 4286 queD
575 4217 665 4286 puaD
718 4219 750 4273 18
764 4215 900 4284 inquidD
959 4217 991 4270 19
1005 4211 1149 4268 exbibenda
1167 4214 1197 4267 D
1249 4211 1338 4274 2223
1354 4209 1389 4262 in·

258 4330 321 4400 que
339 4331 369 4386 n
421 4333 454 4386 as
473 4294 620 4384 nascituris
638 4330 668 4384 o
719 4331 752 4384 ar
771 4326 880 4382 mistico
899 4328 929 4382 1>
