2920 4928
512 425 753 494 Prolegomona
1114 420 1202 476 XXXI

77 599 160 664 uerba
177 623 290 684 pauca
312 621 425 663 serrae
444 599 581 684 poliaco
603 621 714 684 qaam
736 597 873 662 obtorta
899 599 962 660 uie
985 597 1127 661 diseemrc'
1146 619 1202 682 po-

76 703 174 766 tuistis
204 707 295 771 aliter
319 706 466 788 explicari
494 709 663 787 nequeant,
694 723 752 768 nec
781 707 888 769 tamen
918 704 1071 768 Faustum
1102 703 1201 766 uitam

76 806 192 874 Maximi
214 829 402 893 componere
424 811 456 874 in
480 810 584 874 animo
607 808 754 874 habuisse
770 812 802 874 et
818 809 857 873 ad
872 809 931 872 hoe
946 825 1024 891 opus
1039 806 1202 872 conficien-

76 912 139 977 dum
161 915 223 979 iam
246 915 349 980 multa
371 914 544 998 collegisse,
568 914 623 979 sed
645 913 744 978 uerba
766 913 878 978 secisse
893 912 1042 978 Urbicum
1065 915 1141 994 puto
1164 912 1202 975 de

75 1018 141 1081 actis
171 1019 316 1100 Maximi,
350 1038 430 1102 quae
460 1019 596 1083 Faustus
630 1019 806 1103 colligenda
839 1020 871 1082 et
900 1019 933 1082 in
964 1018 1089 1081 archiuo
1120 1017 1201 1080 sedis

76 1121 246 1206 episcopalis
261 1123 407 1188 Reiensis
427 1123 609 1206 deponenda
626 1126 801 1204 eurauerat,
825 1141 887 1186 non
910 1125 947 1186 ut
969 1122 1036 1203 ipse
1059 1119 1201 1184 libellum

75 1225 106 1289 de
126 1246 148 1291 s.
165 1227 296 1292 Maximi
310 1228 378 1293 uita
398 1230 512 1308 ederet,
536 1228 591 1293 sed
614 1231 650 1292 ut
672 1228 819 1310 antiquae
842 1225 1060 1291 consuetudini
1083 1243 1202 1289 memo-

75 1331 129 1394 riae
157 1333 327 1398 decessoris
357 1333 415 1397 boc
446 1333 538 1397 modo
567 1333 715 1397 colendae
745 1335 777 1396 et
806 1331 839 1395 in
866 1331 985 1396 arebiui
1012 1331 1134 1394 scriniis
1162 1329 1201 1392 ad

75 1437 278 1515 posteritatem
302 1437 472 1501 tradendae
495 1437 701 1502 satisfaceret.

110 1540 236 1606 loannes
253 1541 445 1606 Trithemins
462 1559 543 1606 anuo
562 1537 646 1603 1483
661 1541 759 1604 abbas
775 1541 892 1604 electus
909 1539 1091 1604 monasterii
1103 1538 1202 1623 Span-

74 1642 228 1710 beimensis
244 1647 278 1710 in
293 1646 374 1710 libro
390 1645 427 1710 de
444 1644 648 1728 scriptoribus
669 1645 886 1709 ecelesiasticis
910 1643 953 1728 (p.
971 1642 1035 1707 236
1058 1645 1200 1708 editionis

74 1745 331 1816 bancorurtensis
350 1749 447 1832 1601)
462 1750 540 1814 haec
554 1749 664 1814 Fausti
680 1751 795 1832 scripta
810 1749 914 1814 affert:
940 1747 978 1810 de
997 1747 1092 1824 cuiue
1108 1769 1200 1834 opas-

73 1850 148 1914 ealie
165 1853 332 1938 seruntur·
358 1852 443 1916 idem
469 1851 620 1916 uolumen
644 1852 815 1939 depretia
839 1851 891 1914 dei
915 1850 1015 1934 lidi,
1038 1852 1200 1915 aduersae

73 1953 203 2021 Arianos
228 1957 329 2036 ΗΜ,
351 1967 488 2021 contra
503 1956 925 2042 Amtleropomorplra‘tes
950 1955 1014 2019 lio.
1031 1957 1058 2034 I,
1082 1956 1120 2019 dc
1136 1957 1200 2042 epi-

74 2059 134 2123 rila
154 2073 263 2128 cameto
289 2061 345 2127 lib.
361 2061 394 2125 I:
407 2061 493 2145 fides
515 2060 677 2124 catholica
700 2061 737 2124 ιἰι
753 2061 947 2124 uniuersam
961 2059 1118 2125 mumdum
1134 2071 1199 2136 etc„

73 2163 111 2226 od
133 2163 272 2230 Gratum
300 2165 475 2230 diaconum
502 2175 616 2230 contra
641 2165 829 2229 Nestorium
856 2163 912 2229 lib.
934 2165 960 2244 I,
989 2164 1035 2228 ad
1063 2164 1200 2228 Felicem
1279 2213 1286 2228 .
1360 2205 1365 2214 ·

71 2269 265 2354 praefectum
289 2269 346 2334 lio.
363 2271 390 2348 I,
414 2269 567 2335 homiliae
578 2269 696 2355 pieres
712 2269 757 2332 acl
767 2268 941 2355 populum.
979 2271 1094 2335 librum
1110 2271 1199 2334 illurn

73 2379 170 2440 contra
189 2367 529 2460 Anthropomo'rphitas
557 2375 771 2440 aTrithemio
799 2394 860 2439 non
884 2395 952 2440 esse
976 2375 1090 2455 uisum,
1119 2375 1199 2456 quod

73 2495 126 2542 non
147 2481 331 2546 indicauerit
353 2481 478 2545 initium
502 2481 567 2544 eius
590 2479 700 2560 libelli,
725 2498 857 2562 eamque
877 2479 915 2543 ob
932 2499 999 2544 rem
1016 2479 1110 2543 fidem
1127 2499 1198 2543 eum

72 2600 125 2647 non
146 2588 257 2650 mereri
280 2586 360 2650 falso
384 2589 561 2650 statuerunt
585 2585 644 2649 uiri
667 2584 758 2648 docti.
797 2603 854 2648 nec
882 2588 989 2648 tamen
1017 2585 1084 2668 ipse
1107 2603 1200 2668 opus·

72 2687 167 2752 culum
188 2690 291 2754 adhuc
314 2689 507 2774 incognitum
530 2709 550 2753 a
572 2689 744 2752 'Frithemio
769 2689 935 2772 significari
960 2692 1036 2771 puto
1060 2689 1114 2752 sed
1138 2693 1200 2752 ter-

72 2791 138 2856 tiam
160 2794 267 2858 Fausti
291 2795 468 2876 epistulam.
508 2798 592 2858 totus
616 2794 700 2857 euim
724 2794 839 2876 pendet
861 2793 1051 2857 Frithernius
1076 2813 1092 2856 e
1115 2791 1199 2858 Gen-

73 2897 144 2960 nadii
158 2899 194 2963 de
211 2899 328 2963 Fausto
344 2899 460 2978 uerbis,
483 2917 565 2978 cum,
590 2901 624 2962 ut
639 2898 702 2962 alia
716 2898 977 2981 praetermittam,
1001 2917 1036 2960 er
1052 2897 1198 2961 omnibus

72 3001 197 3080 epistulis
229 3003 308 3066 duas
340 3005 465 3067 tantum
495 3005 720 3067 commemoret
750 3006 842 3084 atque
873 3021 925 3066 eas
953 3003 1089 3083 quidem,
1120 2993 1197 3084 quas

72 3103 254 3172 aGennadio
270 3109 407 3190 repperit
422 3107 574 3172 laudatae.
614 3108 676 3170 ianr
693 3125 765 3170 curn
789 3107 895 3178 omnia
910 3107 1018 3170 Fausti
1041 3107 1157 3189 scripte
1180 3125 1198 3170 a

72 3203 218 3276 Gennadio
243 3217 426 3276 enumerata
449 3212 558 3276 afferat
581 3215 704 3294 praeter
726 3212 867 3276 libellum
894 3211 1043 3276 aduersus
1059 3229 1122 3291 eos,
1146 3211 1197 3292 qui

71 3309 221 3382 dicuntia
245 3316 396 3380 creaturis
420 3335 489 3380 esse
513 3316 626 3398 aliquid
649 3315 876 3399 incorporeum,
899 3317 931 3379 in
954 3335 1013 3398 quo
1034 3315 1198 3380 confirmat

72 3415 136 3482 nibil
157 3421 346 3486 credendam
369 3421 586 3504 incorporeum
609 3424 733 3504 praeter
756 3421 860 3501 deum,
883 3421 966 3484 hunc
990 3419 1070 3485 libro
1090 3424 1197 3484 contra

72 3519 395 3610 andropomorpmtas
419 3526 485 3589 sine
509 3526 603 3590 dubio
626 3525 766 3608 intellegi
789 3525 888 3589 uoluit
910 3524 1112 3605 Tritbenrius,
1143 3525 1196 3607 qui

72 3621 204 3694 breuitati
235 3629 366 3694 studens
396 3629 487 3694 titulo
517 3629 571 3694 illo
602 3629 706 3693 minus
735 3634 808 3713 apto
830 3665 872 3675 -—
896 3647 970 3694 nam
998 3647 1060 3694 non
1088 3633 1197 3694 contra

71 3725 239 3816 haereticos,
262 3735 317 3817 qui
332 3735 389 3798 deo
412 3735 546 3798 formam
568 3734 740 3798 humanam
764 3733 990 3814 attribuebant,
1014 3733 1068 3798 sed
1088 3737 1197 3798 contra

71 3851 128 3916 eos,
161 3839 212 3922 qui
247 3842 371 3922 praeter
404 3839 498 3902 deum
533 3839 648 3922 aliquid
681 3839 700 3902 i.
725 3859 751 3903 e.
775 3843 951 3904 creaturam
982 3839 1195 3922 incorpoream

71 3953 129 4003 esse
157 3941 398 4024 contendebant,
429 3942 604 4024 disputatur
631 3979 673 3988 -
702 3961 778 4007 usus
806 3947 864 4008 est.
902 3944 1006 4024 itaque
1034 3943 1085 4007 hic
1112 3945 1195 4007 certe

71 4039 175 4112 bandis
203 4065 264 4112 non
295 4046 508 4112 incubabimus
532 4046 752 4128 Frithemium,
784 4047 837 4130 qui
864 4045 1061 4114 Gennadium
1090 4051 1196 4111 ancto-

71 4163 127 4212 rem
148 4155 273 4218 secutus
296 4157 346 4217 est
367 4171 468 4234 neque
490 4152 523 4216 in
545 4151 604 4216 bac
618 4172 652 4217 re
668 4151 707 4216 ab
724 4171 760 4217 eo
776 4151 929 4233 discessit,
953 4153 1034 4235 qnod
1049 4151 1195 4216 homilias

72 4245 165 4320 Fausti
179 4257 448 4336 commemorauit,
471 4273 560 4338 quas,
576 4274 648 4320 cum
664 4255 849 4322 Gennadius
864 4257 979 4340 legisse
995 4275 1028 4320 se
1044 4256 1105 4320 alia
1119 4275 1195 4338 quo-

72 4371 121 4433 que
141 4359 248 4426 Fausti
270 4361 388 4445 scripta
410 4361 557 4442 affirmet,
581 4361 696 4426 attulit.
